%YAML 1.1
%TAG !u! tag:unity3d.com,2011:
--- !u!1001 &100100000
Prefab:
  m_ObjectHideFlags: 1
  serializedVersion: 2
  m_Modification:
    m_TransformParent: {fileID: 0}
    m_Modifications: []
    m_RemovedComponents: []
  m_ParentPrefab: {fileID: 0}
  m_RootGameObject: {fileID: 1261927339709500}
  m_IsPrefabParent: 1
--- !u!1 &1001371313530856
GameObject:
  m_ObjectHideFlags: 0
  m_PrefabParentObject: {fileID: 0}
  m_PrefabInternal: {fileID: 100100000}
  serializedVersion: 5
  m_Component:
  - component: {fileID: 4807370840632990}
  - component: {fileID: 114790483811350684}
  - component: {fileID: 114346165752051794}
  m_Layer: 8
  m_Name: counter2
  m_TagString: Untagged
  m_Icon: {fileID: 0}
  m_NavMeshLayer: 0
  m_StaticEditorFlags: 0
  m_IsActive: 1
--- !u!1 &1002294904302396
GameObject:
  m_ObjectHideFlags: 0
  m_PrefabParentObject: {fileID: 0}
  m_PrefabInternal: {fileID: 100100000}
  serializedVersion: 5
  m_Component:
  - component: {fileID: 4529583908729446}
  - component: {fileID: 114181985661737646}
  - component: {fileID: 114771413863366758}
  m_Layer: 8
  m_Name: fastkick
  m_TagString: Untagged
  m_Icon: {fileID: 0}
  m_NavMeshLayer: 0
  m_StaticEditorFlags: 0
  m_IsActive: 1
--- !u!1 &1047753137336634
GameObject:
  m_ObjectHideFlags: 1
  m_PrefabParentObject: {fileID: 0}
  m_PrefabInternal: {fileID: 100100000}
  serializedVersion: 5
  m_Component:
  - component: {fileID: 4173837250866010}
  m_Layer: 8
  m_Name: hitboxOrigin
  m_TagString: Untagged
  m_Icon: {fileID: 0}
  m_NavMeshLayer: 0
  m_StaticEditorFlags: 0
  m_IsActive: 1
--- !u!1 &1085735353802080
GameObject:
  m_ObjectHideFlags: 0
  m_PrefabParentObject: {fileID: 0}
  m_PrefabInternal: {fileID: 100100000}
  serializedVersion: 5
  m_Component:
  - component: {fileID: 4555836439095490}
  - component: {fileID: 114405597104789056}
  - component: {fileID: 114074826721793454}
  m_Layer: 8
  m_Name: counter
  m_TagString: Untagged
  m_Icon: {fileID: 0}
  m_NavMeshLayer: 0
  m_StaticEditorFlags: 0
  m_IsActive: 1
--- !u!1 &1114275232639144
GameObject:
  m_ObjectHideFlags: 1
  m_PrefabParentObject: {fileID: 0}
  m_PrefabInternal: {fileID: 100100000}
  serializedVersion: 5
  m_Component:
  - component: {fileID: 4635125908501528}
  m_Layer: 8
  m_Name: hitboxOrigin
  m_TagString: Untagged
  m_Icon: {fileID: 0}
  m_NavMeshLayer: 0
  m_StaticEditorFlags: 0
  m_IsActive: 1
--- !u!1 &1261927339709500
GameObject:
  m_ObjectHideFlags: 0
  m_PrefabParentObject: {fileID: 0}
  m_PrefabInternal: {fileID: 100100000}
  serializedVersion: 5
  m_Component:
  - component: {fileID: 4293590312004086}
  - component: {fileID: 50232479870221378}
  - component: {fileID: 114938272336574836}
  m_Layer: 8
  m_Name: (WEAPON) Weapon 2
  m_TagString: Untagged
  m_Icon: {fileID: 0}
  m_NavMeshLayer: 0
  m_StaticEditorFlags: 0
  m_IsActive: 1
--- !u!1 &1280472047933586
GameObject:
  m_ObjectHideFlags: 0
  m_PrefabParentObject: {fileID: 0}
  m_PrefabInternal: {fileID: 100100000}
  serializedVersion: 5
  m_Component:
  - component: {fileID: 4130448516489426}
  - component: {fileID: 114207111394764274}
  - component: {fileID: 114143215352818934}
  m_Layer: 8
  m_Name: JumpAtk
  m_TagString: Untagged
  m_Icon: {fileID: 0}
  m_NavMeshLayer: 0
  m_StaticEditorFlags: 0
  m_IsActive: 1
--- !u!1 &1290967948175658
GameObject:
  m_ObjectHideFlags: 0
  m_PrefabParentObject: {fileID: 0}
  m_PrefabInternal: {fileID: 100100000}
  serializedVersion: 5
  m_Component:
  - component: {fileID: 4454973932463410}
  - component: {fileID: 114029954443497158}
  - component: {fileID: 114901658369044132}
  m_Layer: 8
  m_Name: Atk1-1
  m_TagString: Untagged
  m_Icon: {fileID: 0}
  m_NavMeshLayer: 0
  m_StaticEditorFlags: 0
  m_IsActive: 1
--- !u!1 &1328629559220750
GameObject:
  m_ObjectHideFlags: 1
  m_PrefabParentObject: {fileID: 0}
  m_PrefabInternal: {fileID: 100100000}
  serializedVersion: 5
  m_Component:
  - component: {fileID: 4963305369642922}
  m_Layer: 8
  m_Name: hitboxOrigin
  m_TagString: Untagged
  m_Icon: {fileID: 0}
  m_NavMeshLayer: 0
  m_StaticEditorFlags: 0
  m_IsActive: 1
--- !u!1 &1333035231411768
GameObject:
  m_ObjectHideFlags: 1
  m_PrefabParentObject: {fileID: 0}
  m_PrefabInternal: {fileID: 100100000}
  serializedVersion: 5
  m_Component:
  - component: {fileID: 4615758299905114}
  m_Layer: 8
  m_Name: hitboxOrigin (1)
  m_TagString: Untagged
  m_Icon: {fileID: 0}
  m_NavMeshLayer: 0
  m_StaticEditorFlags: 0
  m_IsActive: 1
--- !u!1 &1427530015746028
GameObject:
  m_ObjectHideFlags: 0
  m_PrefabParentObject: {fileID: 0}
  m_PrefabInternal: {fileID: 100100000}
  serializedVersion: 5
  m_Component:
  - component: {fileID: 4372006406664978}
  - component: {fileID: 114768001203450306}
  - component: {fileID: 114218438893279164}
  m_Layer: 8
  m_Name: jumpAtkPart2
  m_TagString: Untagged
  m_Icon: {fileID: 0}
  m_NavMeshLayer: 0
  m_StaticEditorFlags: 0
  m_IsActive: 1
--- !u!1 &1583063230299268
GameObject:
  m_ObjectHideFlags: 1
  m_PrefabParentObject: {fileID: 0}
  m_PrefabInternal: {fileID: 100100000}
  serializedVersion: 5
  m_Component:
  - component: {fileID: 4957146737008886}
  m_Layer: 8
  m_Name: hitboxOrigin (1)
  m_TagString: Untagged
  m_Icon: {fileID: 0}
  m_NavMeshLayer: 0
  m_StaticEditorFlags: 0
  m_IsActive: 1
--- !u!1 &1584535021246450
GameObject:
  m_ObjectHideFlags: 0
  m_PrefabParentObject: {fileID: 0}
  m_PrefabInternal: {fileID: 100100000}
  serializedVersion: 5
  m_Component:
  - component: {fileID: 4283244459767544}
  - component: {fileID: 114873387142594798}
  - component: {fileID: 114372364439744312}
  m_Layer: 8
  m_Name: Atk1
  m_TagString: Untagged
  m_Icon: {fileID: 0}
  m_NavMeshLayer: 0
  m_StaticEditorFlags: 0
  m_IsActive: 1
--- !u!1 &1594166312818674
GameObject:
  m_ObjectHideFlags: 1
  m_PrefabParentObject: {fileID: 0}
  m_PrefabInternal: {fileID: 100100000}
  serializedVersion: 5
  m_Component:
  - component: {fileID: 4461489891983140}
  m_Layer: 8
  m_Name: hitboxOrigin
  m_TagString: Untagged
  m_Icon: {fileID: 0}
  m_NavMeshLayer: 0
  m_StaticEditorFlags: 0
  m_IsActive: 1
--- !u!1 &1753772847114342
GameObject:
  m_ObjectHideFlags: 1
  m_PrefabParentObject: {fileID: 0}
  m_PrefabInternal: {fileID: 100100000}
  serializedVersion: 5
  m_Component:
  - component: {fileID: 4873755629066648}
  m_Layer: 8
  m_Name: hitboxOrigin (2)
  m_TagString: Untagged
  m_Icon: {fileID: 0}
  m_NavMeshLayer: 0
  m_StaticEditorFlags: 0
  m_IsActive: 1
--- !u!1 &1812710394462512
GameObject:
  m_ObjectHideFlags: 1
  m_PrefabParentObject: {fileID: 0}
  m_PrefabInternal: {fileID: 100100000}
  serializedVersion: 5
  m_Component:
  - component: {fileID: 4982585048903624}
  m_Layer: 8
  m_Name: hitboxOrigin (3)
  m_TagString: Untagged
  m_Icon: {fileID: 0}
  m_NavMeshLayer: 0
  m_StaticEditorFlags: 0
  m_IsActive: 1
--- !u!1 &1932845386788576
GameObject:
  m_ObjectHideFlags: 1
  m_PrefabParentObject: {fileID: 0}
  m_PrefabInternal: {fileID: 100100000}
  serializedVersion: 5
  m_Component:
  - component: {fileID: 4200785759289882}
  m_Layer: 8
  m_Name: hitboxOrigin
  m_TagString: Untagged
  m_Icon: {fileID: 0}
  m_NavMeshLayer: 0
  m_StaticEditorFlags: 0
  m_IsActive: 1
--- !u!1 &1957317623614516
GameObject:
  m_ObjectHideFlags: 0
  m_PrefabParentObject: {fileID: 0}
  m_PrefabInternal: {fileID: 100100000}
  serializedVersion: 5
  m_Component:
  - component: {fileID: 4859725464562850}
  - component: {fileID: 114764672526369148}
  - component: {fileID: 114565508015099120}
  m_Layer: 8
  m_Name: Atk2
  m_TagString: Untagged
  m_Icon: {fileID: 0}
  m_NavMeshLayer: 0
  m_StaticEditorFlags: 0
  m_IsActive: 1
--- !u!1 &1974462434801210
GameObject:
  m_ObjectHideFlags: 0
  m_PrefabParentObject: {fileID: 0}
  m_PrefabInternal: {fileID: 100100000}
  serializedVersion: 5
  m_Component:
  - component: {fileID: 4337012647167776}
  - component: {fileID: 114339968533053650}
  - component: {fileID: 114656221571612060}
  m_Layer: 8
  m_Name: kick
  m_TagString: Untagged
  m_Icon: {fileID: 0}
  m_NavMeshLayer: 0
  m_StaticEditorFlags: 0
  m_IsActive: 1
--- !u!4 &4130448516489426
Transform:
  m_ObjectHideFlags: 1
  m_PrefabParentObject: {fileID: 0}
  m_PrefabInternal: {fileID: 100100000}
  m_GameObject: {fileID: 1280472047933586}
  m_LocalRotation: {x: -0, y: -0, z: -0, w: 1}
  m_LocalPosition: {x: 0, y: 0, z: 0}
  m_LocalScale: {x: 1, y: 1, z: 1}
  m_Children:
  - {fileID: 4873755629066648}
  m_Father: {fileID: 4293590312004086}
  m_RootOrder: 2
  m_LocalEulerAnglesHint: {x: 0, y: 0, z: 0}
--- !u!4 &4173837250866010
Transform:
  m_ObjectHideFlags: 1
  m_PrefabParentObject: {fileID: 0}
  m_PrefabInternal: {fileID: 100100000}
  m_GameObject: {fileID: 1047753137336634}
  m_LocalRotation: {x: -0, y: -0, z: -0, w: 1}
  m_LocalPosition: {x: 0.35, y: -0.79, z: 0}
  m_LocalScale: {x: 1, y: 1, z: 1}
  m_Children: []
  m_Father: {fileID: 4372006406664978}
  m_RootOrder: 0
  m_LocalEulerAnglesHint: {x: 0, y: 0, z: 0}
--- !u!4 &4200785759289882
Transform:
  m_ObjectHideFlags: 1
  m_PrefabParentObject: {fileID: 0}
  m_PrefabInternal: {fileID: 100100000}
  m_GameObject: {fileID: 1932845386788576}
  m_LocalRotation: {x: 0, y: 0, z: 0, w: 1}
  m_LocalPosition: {x: 0.39, y: -0.92, z: 0}
  m_LocalScale: {x: 1, y: 1, z: 1}
  m_Children: []
  m_Father: {fileID: 4337012647167776}
  m_RootOrder: 0
  m_LocalEulerAnglesHint: {x: 0, y: 0, z: 0}
--- !u!4 &4283244459767544
Transform:
  m_ObjectHideFlags: 1
  m_PrefabParentObject: {fileID: 0}
  m_PrefabInternal: {fileID: 100100000}
  m_GameObject: {fileID: 1584535021246450}
  m_LocalRotation: {x: 0, y: 0, z: 0, w: 1}
  m_LocalPosition: {x: 0, y: 0, z: 0}
  m_LocalScale: {x: 1, y: 1, z: 1}
  m_Children:
  - {fileID: 4963305369642922}
  m_Father: {fileID: 4293590312004086}
  m_RootOrder: 0
  m_LocalEulerAnglesHint: {x: 0, y: 0, z: 0}
--- !u!4 &4293590312004086
Transform:
  m_ObjectHideFlags: 1
  m_PrefabParentObject: {fileID: 0}
  m_PrefabInternal: {fileID: 100100000}
  m_GameObject: {fileID: 1261927339709500}
  m_LocalRotation: {x: -0, y: -0, z: -0, w: 1}
  m_LocalPosition: {x: 0, y: 0, z: 0}
  m_LocalScale: {x: 1, y: 1, z: 1}
  m_Children:
  - {fileID: 4283244459767544}
  - {fileID: 4859725464562850}
  - {fileID: 4130448516489426}
  - {fileID: 4454973932463410}
  - {fileID: 4529583908729446}
  - {fileID: 4555836439095490}
  - {fileID: 4337012647167776}
  - {fileID: 4372006406664978}
  - {fileID: 4807370840632990}
  m_Father: {fileID: 0}
  m_RootOrder: 0
  m_LocalEulerAnglesHint: {x: 0, y: 0, z: 0}
--- !u!4 &4337012647167776
Transform:
  m_ObjectHideFlags: 1
  m_PrefabParentObject: {fileID: 0}
  m_PrefabInternal: {fileID: 100100000}
  m_GameObject: {fileID: 1974462434801210}
  m_LocalRotation: {x: -0, y: -0, z: -0, w: 1}
  m_LocalPosition: {x: 0, y: 0, z: 0}
  m_LocalScale: {x: 1, y: 1, z: 1}
  m_Children:
  - {fileID: 4200785759289882}
  m_Father: {fileID: 4293590312004086}
  m_RootOrder: 6
  m_LocalEulerAnglesHint: {x: 0, y: 0, z: 0}
--- !u!4 &4372006406664978
Transform:
  m_ObjectHideFlags: 1
  m_PrefabParentObject: {fileID: 0}
  m_PrefabInternal: {fileID: 100100000}
  m_GameObject: {fileID: 1427530015746028}
  m_LocalRotation: {x: -0, y: -0, z: -0, w: 1}
  m_LocalPosition: {x: 0, y: 0, z: 0}
  m_LocalScale: {x: 1, y: 1, z: 1}
  m_Children:
  - {fileID: 4173837250866010}
  m_Father: {fileID: 4293590312004086}
  m_RootOrder: 7
  m_LocalEulerAnglesHint: {x: 0, y: 0, z: 0}
--- !u!4 &4454973932463410
Transform:
  m_ObjectHideFlags: 1
  m_PrefabParentObject: {fileID: 0}
  m_PrefabInternal: {fileID: 100100000}
  m_GameObject: {fileID: 1290967948175658}
  m_LocalRotation: {x: -0, y: -0, z: -0, w: 1}
  m_LocalPosition: {x: 0, y: 0, z: 0}
  m_LocalScale: {x: 1, y: 1, z: 1}
  m_Children:
  - {fileID: 4982585048903624}
  m_Father: {fileID: 4293590312004086}
  m_RootOrder: 3
  m_LocalEulerAnglesHint: {x: 0, y: 0, z: 0}
--- !u!4 &4461489891983140
Transform:
  m_ObjectHideFlags: 1
  m_PrefabParentObject: {fileID: 0}
  m_PrefabInternal: {fileID: 100100000}
  m_GameObject: {fileID: 1594166312818674}
  m_LocalRotation: {x: -0, y: -0, z: -0, w: 1}
  m_LocalPosition: {x: 0.2, y: -0.85, z: 0}
  m_LocalScale: {x: 1, y: 1, z: 1}
  m_Children: []
  m_Father: {fileID: 4807370840632990}
  m_RootOrder: 0
  m_LocalEulerAnglesHint: {x: 0, y: 0, z: 0}
--- !u!4 &4529583908729446
Transform:
  m_ObjectHideFlags: 1
  m_PrefabParentObject: {fileID: 0}
  m_PrefabInternal: {fileID: 100100000}
  m_GameObject: {fileID: 1002294904302396}
  m_LocalRotation: {x: -0, y: -0, z: -0, w: 1}
  m_LocalPosition: {x: 0, y: 0, z: 0}
  m_LocalScale: {x: 1, y: 1, z: 1}
  m_Children:
  - {fileID: 4615758299905114}
  m_Father: {fileID: 4293590312004086}
  m_RootOrder: 4
  m_LocalEulerAnglesHint: {x: 0, y: 0, z: 0}
--- !u!4 &4555836439095490
Transform:
  m_ObjectHideFlags: 1
  m_PrefabParentObject: {fileID: 0}
  m_PrefabInternal: {fileID: 100100000}
  m_GameObject: {fileID: 1085735353802080}
  m_LocalRotation: {x: -0, y: -0, z: -0, w: 1}
  m_LocalPosition: {x: 0, y: 0, z: 0}
  m_LocalScale: {x: 1, y: 1, z: 1}
  m_Children:
  - {fileID: 4635125908501528}
  m_Father: {fileID: 4293590312004086}
  m_RootOrder: 5
  m_LocalEulerAnglesHint: {x: 0, y: 0, z: 0}
--- !u!4 &4615758299905114
Transform:
  m_ObjectHideFlags: 1
  m_PrefabParentObject: {fileID: 0}
  m_PrefabInternal: {fileID: 100100000}
  m_GameObject: {fileID: 1333035231411768}
  m_LocalRotation: {x: -0, y: -0, z: -0, w: 1}
  m_LocalPosition: {x: 0.2, y: -0.82, z: 0}
  m_LocalScale: {x: 1, y: 1, z: 1}
  m_Children: []
  m_Father: {fileID: 4529583908729446}
  m_RootOrder: 0
  m_LocalEulerAnglesHint: {x: 0, y: 0, z: 0}
--- !u!4 &4635125908501528
Transform:
  m_ObjectHideFlags: 1
  m_PrefabParentObject: {fileID: 0}
  m_PrefabInternal: {fileID: 100100000}
  m_GameObject: {fileID: 1114275232639144}
  m_LocalRotation: {x: -0, y: -0, z: -0, w: 1}
  m_LocalPosition: {x: 0.2, y: -0.85, z: 0}
  m_LocalScale: {x: 1, y: 1, z: 1}
  m_Children: []
  m_Father: {fileID: 4555836439095490}
  m_RootOrder: 0
  m_LocalEulerAnglesHint: {x: 0, y: 0, z: 0}
--- !u!4 &4807370840632990
Transform:
  m_ObjectHideFlags: 1
  m_PrefabParentObject: {fileID: 0}
  m_PrefabInternal: {fileID: 100100000}
  m_GameObject: {fileID: 1001371313530856}
  m_LocalRotation: {x: -0, y: -0, z: -0, w: 1}
  m_LocalPosition: {x: 0, y: 0, z: 0}
  m_LocalScale: {x: 1, y: 1, z: 1}
  m_Children:
  - {fileID: 4461489891983140}
  m_Father: {fileID: 4293590312004086}
  m_RootOrder: 8
  m_LocalEulerAnglesHint: {x: 0, y: 0, z: 0}
--- !u!4 &4859725464562850
Transform:
  m_ObjectHideFlags: 1
  m_PrefabParentObject: {fileID: 0}
  m_PrefabInternal: {fileID: 100100000}
  m_GameObject: {fileID: 1957317623614516}
  m_LocalRotation: {x: 0, y: 0, z: 0, w: 1}
  m_LocalPosition: {x: 0, y: 0, z: 0}
  m_LocalScale: {x: 1, y: 1, z: 1}
  m_Children:
  - {fileID: 4957146737008886}
  m_Father: {fileID: 4293590312004086}
  m_RootOrder: 1
  m_LocalEulerAnglesHint: {x: 0, y: 0, z: 0}
--- !u!4 &4873755629066648
Transform:
  m_ObjectHideFlags: 1
  m_PrefabParentObject: {fileID: 0}
  m_PrefabInternal: {fileID: 100100000}
  m_GameObject: {fileID: 1753772847114342}
  m_LocalRotation: {x: -0, y: -0, z: -0, w: 1}
  m_LocalPosition: {x: 0.2, y: -1.06, z: 0}
  m_LocalScale: {x: 1, y: 1, z: 1}
  m_Children: []
  m_Father: {fileID: 4130448516489426}
  m_RootOrder: 0
  m_LocalEulerAnglesHint: {x: 0, y: 0, z: 0}
--- !u!4 &4957146737008886
Transform:
  m_ObjectHideFlags: 1
  m_PrefabParentObject: {fileID: 0}
  m_PrefabInternal: {fileID: 100100000}
  m_GameObject: {fileID: 1583063230299268}
  m_LocalRotation: {x: -0, y: -0, z: -0, w: 1}
  m_LocalPosition: {x: 0.69, y: -0.84, z: 0}
  m_LocalScale: {x: 1, y: 1, z: 1}
  m_Children: []
  m_Father: {fileID: 4859725464562850}
  m_RootOrder: 0
  m_LocalEulerAnglesHint: {x: 0, y: 0, z: 0}
--- !u!4 &4963305369642922
Transform:
  m_ObjectHideFlags: 1
  m_PrefabParentObject: {fileID: 0}
  m_PrefabInternal: {fileID: 100100000}
  m_GameObject: {fileID: 1328629559220750}
  m_LocalRotation: {x: -0, y: -0, z: -0, w: 1}
  m_LocalPosition: {x: 0.35, y: -0.79, z: 0}
  m_LocalScale: {x: 1, y: 1, z: 1}
  m_Children: []
  m_Father: {fileID: 4283244459767544}
  m_RootOrder: 0
  m_LocalEulerAnglesHint: {x: 0, y: 0, z: 0}
--- !u!4 &4982585048903624
Transform:
  m_ObjectHideFlags: 1
  m_PrefabParentObject: {fileID: 0}
  m_PrefabInternal: {fileID: 100100000}
  m_GameObject: {fileID: 1812710394462512}
  m_LocalRotation: {x: -0, y: -0, z: -0, w: 1}
  m_LocalPosition: {x: 0.5, y: -0.64, z: 0}
  m_LocalScale: {x: 1, y: 1, z: 1}
  m_Children: []
  m_Father: {fileID: 4454973932463410}
  m_RootOrder: 0
  m_LocalEulerAnglesHint: {x: 0, y: 0, z: 0}
--- !u!50 &50232479870221378
Rigidbody2D:
  serializedVersion: 4
  m_ObjectHideFlags: 1
  m_PrefabParentObject: {fileID: 0}
  m_PrefabInternal: {fileID: 100100000}
  m_GameObject: {fileID: 1261927339709500}
  m_BodyType: 1
  m_Simulated: 1
  m_UseFullKinematicContacts: 1
  m_UseAutoMass: 0
  m_Mass: 1
  m_LinearDrag: 0
  m_AngularDrag: 0.05
  m_GravityScale: 1
  m_Material: {fileID: 0}
  m_Interpolate: 0
  m_SleepingMode: 1
  m_CollisionDetection: 0
  m_Constraints: 0
--- !u!114 &114029954443497158
MonoBehaviour:
  m_ObjectHideFlags: 1
  m_PrefabParentObject: {fileID: 0}
  m_PrefabInternal: {fileID: 100100000}
  m_GameObject: {fileID: 1290967948175658}
  m_Enabled: 1
  m_EditorHideFlags: 0
  m_Script: {fileID: 11500000, guid: ea3deea513fcb14428e4f63af64177eb, type: 3}
  m_Name: 
  m_EditorClassIdentifier: 
  isCancelling: 0
  followupMoveIndex: 0
  moveName: 
  animatorParameterName: attack1-1
  collisionMask:
    serializedVersion: 2
    m_Bits: 1
  shellRadius: 0.1
  controller: {fileID: 0}
  status: {fileID: 0}
  moveset: {fileID: 0}
  move: {fileID: 0}
  hitboxes: []
  conditions: {fileID: 0}
  statusConditions: 
  physicsStatusConditions: 
  followups: []
--- !u!114 &114074826721793454
MonoBehaviour:
  m_ObjectHideFlags: 1
  m_PrefabParentObject: {fileID: 0}
  m_PrefabInternal: {fileID: 100100000}
  m_GameObject: {fileID: 1085735353802080}
  m_Enabled: 0
  m_EditorHideFlags: 0
  m_Script: {fileID: 11500000, guid: 4fb8a831699c2c14ea1fa6279cb452e9, type: 3}
  m_Name: 
  m_EditorClassIdentifier: 
  moveName: atk1
  isProjectile: 0
  facingRight: 0
  midFrames: 3
  recovery: 15
  hitstun: 15
  blockstun: 15
  pushbackHit: 0.1
  pushbackBlock: 2
  juggleHorizontalVelocity: 0
  juggleVertivalVelocity: 2
  launchHorizontalVelocity: 0
  launchVertivalVelocity: 7
  startupVelocity: 0
  activeVelocity: 0
  recoveryVelocity: 0
  faction: 0
  projectiles: []
  hitboxes:
  - startup: 4
    active: 1
    hitboxLength: 1
    hitboxHeight: 1
    hitboxOrigin: {fileID: 4635125908501528}
    hitboxOffsetX: 0
    hitboxOffsetY: 0
    hitboxSizeX: 0
    hitboxSizeY: 0
  hitstunType: 1
  blockstunType: 1
  damageOnHit: 500
  damageOnBlock: 2
  staminaCost: 20
  staminaDamageOnHit: 10
  staminaDamageOnBlock: 5
  kick: 0
  launcher: 0
  breaksArmor: 0
  armorPoints: 0
  armorWindowStart: 10
  armorWindowEnd: 20
  cancelInputStart: 0
  cancelInputEnd: 10
  cancelWindowStart: 4
  cancelWindowEnd: 20
  owner: {fileID: 0}
--- !u!114 &114143215352818934
MonoBehaviour:
  m_ObjectHideFlags: 1
  m_PrefabParentObject: {fileID: 0}
  m_PrefabInternal: {fileID: 100100000}
  m_GameObject: {fileID: 1280472047933586}
  m_Enabled: 1
  m_EditorHideFlags: 0
  m_Script: {fileID: 11500000, guid: be85b28bd9b1f2b40b4405923645a6fb, type: 3}
  m_Name: 
  m_EditorClassIdentifier: 
  isCancelling: 0
  followupMoveIndex: 0
  moveName: 
  animatorParameterName: jumpattackpart1
  collisionMask:
    serializedVersion: 2
    m_Bits: 0
  shellRadius: 0.1
  controller: {fileID: 0}
  status: {fileID: 0}
  moveset: {fileID: 0}
  move: {fileID: 0}
  hitboxes: []
  conditions: {fileID: 0}
  statusConditions: 
  physicsStatusConditions: 
  followups: []
  minimumActivationFrames: 20
  landAttackSecondPart: {fileID: 114768001203450306}
--- !u!114 &114181985661737646
MonoBehaviour:
  m_ObjectHideFlags: 1
  m_PrefabParentObject: {fileID: 0}
  m_PrefabInternal: {fileID: 100100000}
  m_GameObject: {fileID: 1002294904302396}
  m_Enabled: 1
  m_EditorHideFlags: 0
  m_Script: {fileID: 11500000, guid: ea3deea513fcb14428e4f63af64177eb, type: 3}
  m_Name: 
  m_EditorClassIdentifier: 
  isCancelling: 0
  followupMoveIndex: 0
  moveName: 
  animatorParameterName: kick
  collisionMask:
    serializedVersion: 2
    m_Bits: 1
  shellRadius: 0.1
  controller: {fileID: 0}
  status: {fileID: 0}
  moveset: {fileID: 0}
  move: {fileID: 0}
  hitboxes: []
  conditions: {fileID: 0}
  statusConditions: 
  physicsStatusConditions: 
  followups: []
--- !u!114 &114207111394764274
MonoBehaviour:
  m_ObjectHideFlags: 1
  m_PrefabParentObject: {fileID: 0}
  m_PrefabInternal: {fileID: 100100000}
  m_GameObject: {fileID: 1280472047933586}
  m_Enabled: 0
  m_EditorHideFlags: 0
  m_Script: {fileID: 11500000, guid: 4fb8a831699c2c14ea1fa6279cb452e9, type: 3}
  m_Name: 
  m_EditorClassIdentifier: 
  moveName: jumpattackpart1
  isProjectile: 0
  facingRight: 0
  midFrames: 3
  recovery: 20
  hitstun: 200
  blockstun: 10
  pushbackHit: 0.1
  pushbackBlock: 2
  juggleHorizontalVelocity: 0
  juggleVertivalVelocity: 2
  launchHorizontalVelocity: 0
  launchVertivalVelocity: 7
  startupVelocity: 0
  activeVelocity: 0
  recoveryVelocity: 0
  faction: 0
  projectiles: []
  hitboxes: []
  hitstunType: 1
  blockstunType: 1
  damageOnHit: 500
  damageOnBlock: 2
  staminaCost: 20
  staminaDamageOnHit: 10
  staminaDamageOnBlock: 5
  kick: 0
  launcher: 0
  breaksArmor: 0
  armorPoints: 0
  armorWindowStart: 10
  armorWindowEnd: 20
  cancelInputStart: 0
  cancelInputEnd: 10
  cancelWindowStart: 20
  cancelWindowEnd: 20
  owner: {fileID: 0}
--- !u!114 &114218438893279164
MonoBehaviour:
  m_ObjectHideFlags: 1
  m_PrefabParentObject: {fileID: 0}
  m_PrefabInternal: {fileID: 100100000}
  m_GameObject: {fileID: 1427530015746028}
  m_Enabled: 0
  m_EditorHideFlags: 0
  m_Script: {fileID: 11500000, guid: 4fb8a831699c2c14ea1fa6279cb452e9, type: 3}
  m_Name: 
  m_EditorClassIdentifier: 
  moveName: atk1
  isProjectile: 0
  facingRight: 0
  midFrames: 3
  recovery: 30
  hitstun: 19
  blockstun: 14
  pushbackHit: 2
  pushbackBlock: 2
  juggleHorizontalVelocity: 0
  juggleVertivalVelocity: 2
  launchHorizontalVelocity: 0
  launchVertivalVelocity: 7
  startupVelocity: 2
  activeVelocity: 2
  recoveryVelocity: 0
  faction: 0
  projectiles: []
  hitboxes:
  - startup: 3
    active: 1
    hitboxLength: 2
    hitboxHeight: 2
    hitboxOrigin: {fileID: 4173837250866010}
    hitboxOffsetX: 0.5
    hitboxOffsetY: 0
    hitboxSizeX: 2
    hitboxSizeY: 2
  hitstunType: 1
  blockstunType: 1
  damageOnHit: 500
  damageOnBlock: 2
  staminaCost: 20
  staminaDamageOnHit: 10
  staminaDamageOnBlock: 5
  kick: 0
  launcher: 0
  breaksArmor: 0
  armorPoints: 0
  armorWindowStart: 10
  armorWindowEnd: 20
  cancelInputStart: 0
  cancelInputEnd: 10
  cancelWindowStart: 60
  cancelWindowEnd: 60
  owner: {fileID: 0}
--- !u!114 &114339968533053650
MonoBehaviour:
  m_ObjectHideFlags: 1
  m_PrefabParentObject: {fileID: 0}
  m_PrefabInternal: {fileID: 100100000}
  m_GameObject: {fileID: 1974462434801210}
  m_Enabled: 0
  m_EditorHideFlags: 0
  m_Script: {fileID: 11500000, guid: 4fb8a831699c2c14ea1fa6279cb452e9, type: 3}
  m_Name: 
  m_EditorClassIdentifier: 
  moveName: kick
  isProjectile: 0
  facingRight: 0
  midFrames: 3
  recovery: 20
  hitstun: 20
  blockstun: 10
  pushbackHit: 1
  pushbackBlock: 2
  juggleHorizontalVelocity: 1
  juggleVertivalVelocity: 3
  launchHorizontalVelocity: 1
  launchVertivalVelocity: 3
  startupVelocity: 1
  activeVelocity: 5
  recoveryVelocity: 1
  faction: 0
  projectiles: []
  hitboxes:
  - startup: 6
    active: 3
    hitboxLength: 1
    hitboxHeight: 2
    hitboxOrigin: {fileID: 4200785759289882}
    hitboxOffsetX: 0
    hitboxOffsetY: 0
    hitboxSizeX: 0
    hitboxSizeY: 0
  hitstunType: 1
  blockstunType: 1
  damageOnHit: 500
  damageOnBlock: 2
  staminaCost: 20
  staminaDamageOnHit: 10
  staminaDamageOnBlock: 5
  kick: 1
  launcher: 0
  breaksArmor: 0
  armorPoints: 0
  armorWindowStart: 10
  armorWindowEnd: 20
  cancelInputStart: 0
  cancelInputEnd: 10
  cancelWindowStart: 20
  cancelWindowEnd: 20
  owner: {fileID: 0}
--- !u!114 &114346165752051794
MonoBehaviour:
  m_ObjectHideFlags: 1
  m_PrefabParentObject: {fileID: 0}
  m_PrefabInternal: {fileID: 100100000}
  m_GameObject: {fileID: 1001371313530856}
  m_Enabled: 0
  m_EditorHideFlags: 0
  m_Script: {fileID: 11500000, guid: 4fb8a831699c2c14ea1fa6279cb452e9, type: 3}
  m_Name: 
  m_EditorClassIdentifier: 
  moveName: atk1
  isProjectile: 0
  facingRight: 0
  midFrames: 3
  recovery: 15
  hitstun: 15
  blockstun: 15
  pushbackHit: 0.1
  pushbackBlock: 2
  juggleHorizontalVelocity: 0
  juggleVertivalVelocity: 2
  launchHorizontalVelocity: 0
  launchVertivalVelocity: 7
  startupVelocity: 0
  activeVelocity: 0
  recoveryVelocity: 0
  faction: 0
  projectiles: []
  hitboxes:
  - startup: 8
    active: 1
    hitboxLength: 1
    hitboxHeight: 1
    hitboxOrigin: {fileID: 4461489891983140}
    hitboxOffsetX: 0
    hitboxOffsetY: 0
    hitboxSizeX: 0
    hitboxSizeY: 0
  hitstunType: 1
  blockstunType: 1
  damageOnHit: 500
  damageOnBlock: 2
  staminaCost: 20
  staminaDamageOnHit: 10
  staminaDamageOnBlock: 5
  kick: 0
  launcher: 0
  breaksArmor: 0
  armorPoints: 0
  armorWindowStart: 10
  armorWindowEnd: 20
  cancelInputStart: 0
  cancelInputEnd: 10
  cancelWindowStart: 4
  cancelWindowEnd: 20
  owner: {fileID: 0}
--- !u!114 &114372364439744312
MonoBehaviour:
  m_ObjectHideFlags: 1
  m_PrefabParentObject: {fileID: 0}
  m_PrefabInternal: {fileID: 100100000}
  m_GameObject: {fileID: 1584535021246450}
  m_Enabled: 0
  m_EditorHideFlags: 0
  m_Script: {fileID: 11500000, guid: 4fb8a831699c2c14ea1fa6279cb452e9, type: 3}
  m_Name: 
  m_EditorClassIdentifier: 
  moveName: atk1
  isProjectile: 0
  facingRight: 0
  midFrames: 3
  recovery: 28
  hitstun: 19
  blockstun: 14
  pushbackHit: 2
  pushbackBlock: 2
  juggleHorizontalVelocity: 0
  juggleVertivalVelocity: 2
  launchHorizontalVelocity: 0
  launchVertivalVelocity: 7
  startupVelocity: 2
  activeVelocity: 2
  recoveryVelocity: 0
  faction: 0
  projectiles: []
  hitboxes:
  - startup: 50
    active: 1
    hitboxLength: 2
    hitboxHeight: 2
    hitboxOrigin: {fileID: 4963305369642922}
    hitboxOffsetX: 0.5
    hitboxOffsetY: 0
    hitboxSizeX: 2
    hitboxSizeY: 2
  hitstunType: 1
  blockstunType: 1
  damageOnHit: 500
  damageOnBlock: 2
  staminaCost: 20
  staminaDamageOnHit: 10
  staminaDamageOnBlock: 5
  kick: 0
  launcher: 0
  breaksArmor: 0
  armorPoints: 0
  armorWindowStart: 10
  armorWindowEnd: 20
  cancelInputStart: 3
  cancelInputEnd: 36
  cancelWindowStart: 29
  cancelWindowEnd: 45
  owner: {fileID: 0}
--- !u!114 &114405597104789056
MonoBehaviour:
  m_ObjectHideFlags: 1
  m_PrefabParentObject: {fileID: 0}
  m_PrefabInternal: {fileID: 100100000}
  m_GameObject: {fileID: 1085735353802080}
  m_Enabled: 1
  m_EditorHideFlags: 0
  m_Script: {fileID: 11500000, guid: ea3deea513fcb14428e4f63af64177eb, type: 3}
  m_Name: 
  m_EditorClassIdentifier: 
  isCancelling: 0
  followupMoveIndex: 0
  moveName: 
  animatorParameterName: 
  collisionMask:
    serializedVersion: 2
    m_Bits: 1
  shellRadius: 0.1
  controller: {fileID: 0}
  status: {fileID: 0}
  moveset: {fileID: 0}
  move: {fileID: 0}
  hitboxes: []
  conditions: {fileID: 0}
  statusConditions: 
  physicsStatusConditions: 
  followups: []
--- !u!114 &114565508015099120
MonoBehaviour:
  m_ObjectHideFlags: 1
  m_PrefabParentObject: {fileID: 0}
  m_PrefabInternal: {fileID: 100100000}
  m_GameObject: {fileID: 1957317623614516}
  m_Enabled: 0
  m_EditorHideFlags: 0
  m_Script: {fileID: 11500000, guid: 4fb8a831699c2c14ea1fa6279cb452e9, type: 3}
  m_Name: 
  m_EditorClassIdentifier: 
  moveName: atk2
  isProjectile: 0
  facingRight: 0
  midFrames: 3
  recovery: 10
  hitstun: 20
  blockstun: 10
  pushbackHit: 1
  pushbackBlock: 2
  juggleHorizontalVelocity: 1
  juggleVertivalVelocity: 10
  launchHorizontalVelocity: 1
  launchVertivalVelocity: 20
  startupVelocity: 15
  activeVelocity: 6
  recoveryVelocity: 2
  faction: 0
  projectiles: []
  hitboxes:
  - startup: 10
    active: 5
    hitboxLength: 5
    hitboxHeight: 5
    hitboxOrigin: {fileID: 4957146737008886}
    hitboxOffsetX: 1
    hitboxOffsetY: 1
    hitboxSizeX: 1
    hitboxSizeY: 1
  hitstunType: 1
  blockstunType: 1
  damageOnHit: 500
  damageOnBlock: 2
  staminaCost: 20
  staminaDamageOnHit: 10
  staminaDamageOnBlock: 5
  kick: 0
  launcher: 1
  breaksArmor: 0
  armorPoints: 0
  armorWindowStart: 10
  armorWindowEnd: 20
  cancelInputStart: 0
  cancelInputEnd: 10
  cancelWindowStart: 20
  cancelWindowEnd: 20
  owner: {fileID: 0}
--- !u!114 &114656221571612060
MonoBehaviour:
  m_ObjectHideFlags: 1
  m_PrefabParentObject: {fileID: 0}
  m_PrefabInternal: {fileID: 100100000}
  m_GameObject: {fileID: 1974462434801210}
  m_Enabled: 1
  m_EditorHideFlags: 0
  m_Script: {fileID: 11500000, guid: ea3deea513fcb14428e4f63af64177eb, type: 3}
  m_Name: 
  m_EditorClassIdentifier: 
  isCancelling: 0
  followupMoveIndex: 0
  moveName: 
  animatorParameterName: kick
  collisionMask:
    serializedVersion: 2
    m_Bits: 0
  shellRadius: 0.1
  controller: {fileID: 0}
  status: {fileID: 0}
  moveset: {fileID: 0}
  move: {fileID: 0}
  hitboxes: []
  conditions: {fileID: 0}
  statusConditions: 
  physicsStatusConditions: 
  followups: []
--- !u!114 &114764672526369148
MonoBehaviour:
  m_ObjectHideFlags: 1
  m_PrefabParentObject: {fileID: 0}
  m_PrefabInternal: {fileID: 100100000}
  m_GameObject: {fileID: 1957317623614516}
  m_Enabled: 1
  m_EditorHideFlags: 0
  m_Script: {fileID: 11500000, guid: ea3deea513fcb14428e4f63af64177eb, type: 3}
  m_Name: 
  m_EditorClassIdentifier: 
  isCancelling: 0
  followupMoveIndex: 0
  moveName: 
  animatorParameterName: dash
  collisionMask:
    serializedVersion: 2
    m_Bits: 1
  shellRadius: 0.1
  controller: {fileID: 0}
  status: {fileID: 0}
  moveset: {fileID: 0}
  move: {fileID: 0}
  hitboxes: []
  conditions: {fileID: 0}
  statusConditions: 
  physicsStatusConditions: 
  followups: []
--- !u!114 &114768001203450306
MonoBehaviour:
  m_ObjectHideFlags: 1
  m_PrefabParentObject: {fileID: 0}
  m_PrefabInternal: {fileID: 100100000}
  m_GameObject: {fileID: 1427530015746028}
  m_Enabled: 1
  m_EditorHideFlags: 0
  m_Script: {fileID: 11500000, guid: ea3deea513fcb14428e4f63af64177eb, type: 3}
  m_Name: 
  m_EditorClassIdentifier: 
  isCancelling: 0
  followupMoveIndex: 0
  moveName: 
  animatorParameterName: jumpattackpart2
  collisionMask:
    serializedVersion: 2
    m_Bits: 1
  shellRadius: 0.1
  controller: {fileID: 0}
  status: {fileID: 0}
  moveset: {fileID: 0}
  move: {fileID: 0}
  hitboxes: []
  conditions: {fileID: 0}
  statusConditions: 
  physicsStatusConditions: 
  followups: []
--- !u!114 &114771413863366758
MonoBehaviour:
  m_ObjectHideFlags: 1
  m_PrefabParentObject: {fileID: 0}
  m_PrefabInternal: {fileID: 100100000}
  m_GameObject: {fileID: 1002294904302396}
  m_Enabled: 0
  m_EditorHideFlags: 0
  m_Script: {fileID: 11500000, guid: 4fb8a831699c2c14ea1fa6279cb452e9, type: 3}
  m_Name: 
  m_EditorClassIdentifier: 
  moveName: kick
  isProjectile: 0
  facingRight: 0
  midFrames: 3
  recovery: 20
  hitstun: 20
  blockstun: 10
  pushbackHit: 1
  pushbackBlock: 2
  juggleHorizontalVelocity: 1
  juggleVertivalVelocity: 3
  launchHorizontalVelocity: 1
  launchVertivalVelocity: 3
  startupVelocity: 1
  activeVelocity: 5
  recoveryVelocity: 1
  faction: 0
  projectiles: []
  hitboxes:
  - startup: 6
    active: 1
    hitboxLength: 1
    hitboxHeight: 1
    hitboxOrigin: {fileID: 4615758299905114}
    hitboxOffsetX: 0
    hitboxOffsetY: 0
    hitboxSizeX: 0
    hitboxSizeY: 0
  hitstunType: 1
  blockstunType: 1
  damageOnHit: 500
  damageOnBlock: 2
  staminaCost: 20
  staminaDamageOnHit: 10
  staminaDamageOnBlock: 5
  kick: 1
  launcher: 0
  breaksArmor: 0
  armorPoints: 0
  armorWindowStart: 10
  armorWindowEnd: 20
  cancelInputStart: 0
  cancelInputEnd: 10
  cancelWindowStart: 20
  cancelWindowEnd: 20
  owner: {fileID: 0}
--- !u!114 &114790483811350684
MonoBehaviour:
  m_ObjectHideFlags: 1
  m_PrefabParentObject: {fileID: 0}
  m_PrefabInternal: {fileID: 100100000}
  m_GameObject: {fileID: 1001371313530856}
  m_Enabled: 1
  m_EditorHideFlags: 0
  m_Script: {fileID: 11500000, guid: ea3deea513fcb14428e4f63af64177eb, type: 3}
  m_Name: 
  m_EditorClassIdentifier: 
  isCancelling: 0
  followupMoveIndex: 0
  moveName: 
  animatorParameterName: 
  collisionMask:
    serializedVersion: 2
    m_Bits: 1
  shellRadius: 0.1
  controller: {fileID: 0}
  status: {fileID: 0}
  moveset: {fileID: 0}
  move: {fileID: 0}
  hitboxes: []
  conditions: {fileID: 0}
  statusConditions: 
  physicsStatusConditions: 
  followups: []
--- !u!114 &114873387142594798
MonoBehaviour:
  m_ObjectHideFlags: 1
  m_PrefabParentObject: {fileID: 0}
  m_PrefabInternal: {fileID: 100100000}
  m_GameObject: {fileID: 1584535021246450}
  m_Enabled: 1
  m_EditorHideFlags: 0
  m_Script: {fileID: 11500000, guid: ea3deea513fcb14428e4f63af64177eb, type: 3}
  m_Name: 
  m_EditorClassIdentifier: 
  isCancelling: 0
  followupMoveIndex: 0
  moveName: 
  animatorParameterName: attack1
  collisionMask:
    serializedVersion: 2
    m_Bits: 1
  shellRadius: 0.1
  controller: {fileID: 0}
  status: {fileID: 0}
  moveset: {fileID: 0}
  move: {fileID: 0}
  hitboxes: []
  conditions: {fileID: 0}
  statusConditions: 
  physicsStatusConditions: 
  followups: []
--- !u!114 &114901658369044132
MonoBehaviour:
  m_ObjectHideFlags: 1
  m_PrefabParentObject: {fileID: 0}
  m_PrefabInternal: {fileID: 100100000}
  m_GameObject: {fileID: 1290967948175658}
  m_Enabled: 0
  m_EditorHideFlags: 0
  m_Script: {fileID: 11500000, guid: 4fb8a831699c2c14ea1fa6279cb452e9, type: 3}
  m_Name: 
  m_EditorClassIdentifier: 
  moveName: atk1-1
  isProjectile: 0
  facingRight: 0
  midFrames: 3
  recovery: 30
  hitstun: 200
  blockstun: 10
  pushbackHit: 0.1
  pushbackBlock: 2
  juggleHorizontalVelocity: 0
  juggleVertivalVelocity: 2
  launchHorizontalVelocity: 0
  launchVertivalVelocity: 7
  startupVelocity: 3
  activeVelocity: 2
  recoveryVelocity: 0
  faction: 0
  projectiles: []
  hitboxes:
  - startup: 8
    active: 5
    hitboxLength: 2
    hitboxHeight: 2
    hitboxOrigin: {fileID: 4982585048903624}
    hitboxOffsetX: 0
    hitboxOffsetY: 0
    hitboxSizeX: 0
    hitboxSizeY: 0
  hitstunType: 1
  blockstunType: 1
  damageOnHit: 500
  damageOnBlock: 2
  staminaCost: 20
  staminaDamageOnHit: 10
  staminaDamageOnBlock: 5
  kick: 0
  launcher: 0
  breaksArmor: 0
  armorPoints: 0
  armorWindowStart: 10
  armorWindowEnd: 20
  cancelInputStart: 0
  cancelInputEnd: 10
  cancelWindowStart: 0
  cancelWindowEnd: 20
  owner: {fileID: 0}
--- !u!114 &114938272336574836
MonoBehaviour:
  m_ObjectHideFlags: 1
  m_PrefabParentObject: {fileID: 0}
  m_PrefabInternal: {fileID: 100100000}
  m_GameObject: {fileID: 1261927339709500}
  m_Enabled: 1
  m_EditorHideFlags: 0
  m_Script: {fileID: 11500000, guid: 99f456516cb777b4bb7e22bca5875271, type: 3}
  m_Name: 
  m_EditorClassIdentifier: 
  weaponName: Test
  moves:
  - {fileID: 114873387142594798}
  - {fileID: 114764672526369148}
  - {fileID: 114656221571612060}
  - {fileID: 114143215352818934}
  - {fileID: 114029954443497158}
  - {fileID: 114181985661737646}
  - {fileID: 114405597104789056}
  - {fileID: 114790483811350684}
  conditions: {fileID: 0}
