%YAML 1.1
%TAG !u! tag:unity3d.com,2011:
--- !u!1 &669007535814397029
GameObject:
  m_ObjectHideFlags: 0
  m_CorrespondingSourceObject: {fileID: 0}
  m_PrefabInstance: {fileID: 0}
  m_PrefabAsset: {fileID: 0}
  serializedVersion: 6
  m_Component:
  - component: {fileID: 9091413838891866525}
  - component: {fileID: 1462912227477366386}
  - component: {fileID: 1168074761432409100}
  - component: {fileID: 203634388137498730}
  - component: {fileID: 1646192239259177613}
  m_Layer: 5
  m_Name: FuckYouer
  m_TagString: Untagged
  m_Icon: {fileID: 0}
  m_NavMeshLayer: 0
  m_StaticEditorFlags: 0
  m_IsActive: 1
--- !u!4 &9091413838891866525
Transform:
  m_ObjectHideFlags: 0
  m_CorrespondingSourceObject: {fileID: 0}
  m_PrefabInstance: {fileID: 0}
  m_PrefabAsset: {fileID: 0}
  m_GameObject: {fileID: 669007535814397029}
  m_LocalRotation: {x: 0, y: 0, z: 0, w: 1}
  m_LocalPosition: {x: 0, y: 0, z: 0}
  m_LocalScale: {x: 1, y: 1, z: 1}
  m_Children: []
  m_Father: {fileID: 0}
  m_RootOrder: 0
  m_LocalEulerAnglesHint: {x: 0, y: 0, z: 0}
--- !u!114 &1462912227477366386
MonoBehaviour:
  m_ObjectHideFlags: 0
  m_CorrespondingSourceObject: {fileID: 0}
  m_PrefabInstance: {fileID: 0}
  m_PrefabAsset: {fileID: 0}
  m_GameObject: {fileID: 669007535814397029}
  m_Enabled: 1
  m_EditorHideFlags: 0
  m_Script: {fileID: 11500000, guid: fb05b798ad1ca05438d05098a102830a, type: 3}
  m_Name: 
  m_EditorClassIdentifier: 
  item: {fileID: 11400000, guid: b8a6ba5376147d54688a5df82c6abf28, type: 2}
  inventory: {fileID: 0}
  controller: {fileID: 0}
  itemName: {fileID: 1168074761432409100}
  description: {fileID: 203634388137498730}
  flavorText: {fileID: 1646192239259177613}
--- !u!114 &1168074761432409100
MonoBehaviour:
  m_ObjectHideFlags: 0
  m_CorrespondingSourceObject: {fileID: 0}
  m_PrefabInstance: {fileID: 0}
  m_PrefabAsset: {fileID: 0}
  m_GameObject: {fileID: 669007535814397029}
  m_Enabled: 1
  m_EditorHideFlags: 0
  m_Script: {fileID: 11500000, guid: a50918657259cb24b8d429369b45a0cd, type: 3}
  m_Name: 
  m_EditorClassIdentifier: 
  textEnglish: Fuckyouer
  textItalian: Fanculatore
--- !u!114 &203634388137498730
MonoBehaviour:
  m_ObjectHideFlags: 0
  m_CorrespondingSourceObject: {fileID: 0}
  m_PrefabInstance: {fileID: 0}
  m_PrefabAsset: {fileID: 0}
  m_GameObject: {fileID: 669007535814397029}
  m_Enabled: 1
  m_EditorHideFlags: 0
  m_Script: {fileID: 11500000, guid: a50918657259cb24b8d429369b45a0cd, type: 3}
  m_Name: 
  m_EditorClassIdentifier: 
  textEnglish: An item that fucks you.
  textItalian: Un oggetto che ti fancula.
--- !u!114 &1646192239259177613
MonoBehaviour:
  m_ObjectHideFlags: 0
  m_CorrespondingSourceObject: {fileID: 0}
  m_PrefabInstance: {fileID: 0}
  m_PrefabAsset: {fileID: 0}
  m_GameObject: {fileID: 669007535814397029}
  m_Enabled: 1
  m_EditorHideFlags: 0
  m_Script: {fileID: 11500000, guid: a50918657259cb24b8d429369b45a0cd, type: 3}
  m_Name: 
  m_EditorClassIdentifier: 
  textEnglish: As the elder in leather used to say in his younger age, "fuck you".
  textItalian: Come diceva l'anziano vestito in pelle nei suoi giorni migliori, "fanculo".
