%YAML 1.1
%TAG !u! tag:unity3d.com,2011:
--- !u!1001 &100100000
Prefab:
  m_ObjectHideFlags: 1
  serializedVersion: 2
  m_Modification:
    m_TransformParent: {fileID: 0}
    m_Modifications: []
    m_RemovedComponents: []
  m_ParentPrefab: {fileID: 0}
  m_RootGameObject: {fileID: 1546452936741544}
  m_IsPrefabParent: 1
--- !u!1 &1030910199956984
GameObject:
  m_ObjectHideFlags: 1
  m_PrefabParentObject: {fileID: 0}
  m_PrefabInternal: {fileID: 100100000}
  serializedVersion: 5
  m_Component:
  - component: {fileID: 4483211397634150}
  - component: {fileID: 114768048444602944}
  m_Layer: 0
  m_Name: ArmBone_R
  m_TagString: Untagged
  m_Icon: {fileID: 0}
  m_NavMeshLayer: 0
  m_StaticEditorFlags: 0
  m_IsActive: 1
--- !u!1 &1031047390444310
GameObject:
  m_ObjectHideFlags: 1
  m_PrefabParentObject: {fileID: 0}
  m_PrefabInternal: {fileID: 100100000}
  serializedVersion: 5
  m_Component:
  - component: {fileID: 4507578226519528}
  m_Layer: 8
  m_Name: hitboxOrigin (1)
  m_TagString: Untagged
  m_Icon: {fileID: 0}
  m_NavMeshLayer: 0
  m_StaticEditorFlags: 0
  m_IsActive: 1
--- !u!1 &1069229472995338
GameObject:
  m_ObjectHideFlags: 1
  m_PrefabParentObject: {fileID: 0}
  m_PrefabInternal: {fileID: 100100000}
  serializedVersion: 5
  m_Component:
  - component: {fileID: 4826525476613634}
  - component: {fileID: 114546271496979458}
  m_Layer: 0
  m_Name: ArmBone_L
  m_TagString: Untagged
  m_Icon: {fileID: 0}
  m_NavMeshLayer: 0
  m_StaticEditorFlags: 0
  m_IsActive: 1
--- !u!1 &1069958360168982
GameObject:
  m_ObjectHideFlags: 1
  m_PrefabParentObject: {fileID: 0}
  m_PrefabInternal: {fileID: 100100000}
  serializedVersion: 5
  m_Component:
  - component: {fileID: 4600313914793932}
  - component: {fileID: 212816465287537432}
  m_Layer: 0
  m_Name: LowerArm_R
  m_TagString: Untagged
  m_Icon: {fileID: 0}
  m_NavMeshLayer: 0
  m_StaticEditorFlags: 0
  m_IsActive: 1
--- !u!1 &1106439955636864
GameObject:
  m_ObjectHideFlags: 1
  m_PrefabParentObject: {fileID: 0}
  m_PrefabInternal: {fileID: 100100000}
  serializedVersion: 5
  m_Component:
  - component: {fileID: 4399357291779778}
  - component: {fileID: 212615463064484060}
  m_Layer: 0
  m_Name: Leg_R
  m_TagString: Untagged
  m_Icon: {fileID: 0}
  m_NavMeshLayer: 0
  m_StaticEditorFlags: 0
  m_IsActive: 1
--- !u!1 &1112587545452286
GameObject:
  m_ObjectHideFlags: 1
  m_PrefabParentObject: {fileID: 0}
  m_PrefabInternal: {fileID: 100100000}
  serializedVersion: 5
  m_Component:
  - component: {fileID: 4966573079802056}
  - component: {fileID: 114252829762875742}
  - component: {fileID: 114534920025254918}
  m_Layer: 8
  m_Name: shoot
  m_TagString: Untagged
  m_Icon: {fileID: 0}
  m_NavMeshLayer: 0
  m_StaticEditorFlags: 0
  m_IsActive: 1
--- !u!1 &1170810550453408
GameObject:
  m_ObjectHideFlags: 1
  m_PrefabParentObject: {fileID: 0}
  m_PrefabInternal: {fileID: 100100000}
  serializedVersion: 5
  m_Component:
  - component: {fileID: 4462365151985484}
  - component: {fileID: 114279586140511418}
  m_Layer: 0
  m_Name: Wakeup
  m_TagString: Untagged
  m_Icon: {fileID: 0}
  m_NavMeshLayer: 0
  m_StaticEditorFlags: 0
  m_IsActive: 1
--- !u!1 &1187450095627532
GameObject:
  m_ObjectHideFlags: 1
  m_PrefabParentObject: {fileID: 0}
  m_PrefabInternal: {fileID: 100100000}
  serializedVersion: 5
  m_Component:
  - component: {fileID: 4932075746026300}
  - component: {fileID: 212358461957780100}
  m_Layer: 0
  m_Name: Arm_L
  m_TagString: Untagged
  m_Icon: {fileID: 0}
  m_NavMeshLayer: 0
  m_StaticEditorFlags: 0
  m_IsActive: 1
--- !u!1 &1193470181302092
GameObject:
  m_ObjectHideFlags: 1
  m_PrefabParentObject: {fileID: 0}
  m_PrefabInternal: {fileID: 100100000}
  serializedVersion: 5
  m_Component:
  - component: {fileID: 4546029799391622}
  m_Layer: 8
  m_Name: hitboxOrigin (2)
  m_TagString: Untagged
  m_Icon: {fileID: 0}
  m_NavMeshLayer: 0
  m_StaticEditorFlags: 0
  m_IsActive: 1
--- !u!1 &1214877836573344
GameObject:
  m_ObjectHideFlags: 1
  m_PrefabParentObject: {fileID: 0}
  m_PrefabInternal: {fileID: 100100000}
  serializedVersion: 5
  m_Component:
  - component: {fileID: 4359085811130924}
  - component: {fileID: 114911517981829314}
  m_Layer: 0
  m_Name: LowerLegBone_L
  m_TagString: Untagged
  m_Icon: {fileID: 0}
  m_NavMeshLayer: 0
  m_StaticEditorFlags: 0
  m_IsActive: 1
--- !u!1 &1262701857149796
GameObject:
  m_ObjectHideFlags: 0
  m_PrefabParentObject: {fileID: 0}
  m_PrefabInternal: {fileID: 100100000}
  serializedVersion: 5
  m_Component:
  - component: {fileID: 4793130329923720}
  - component: {fileID: 95152388169451648}
  - component: {fileID: 114127501838059860}
  - component: {fileID: 114144574619040220}
  m_Layer: 0
  m_Name: Skeleton
  m_TagString: Untagged
  m_Icon: {fileID: 0}
  m_NavMeshLayer: 0
  m_StaticEditorFlags: 0
  m_IsActive: 1
--- !u!1 &1278943260659580
GameObject:
  m_ObjectHideFlags: 1
  m_PrefabParentObject: {fileID: 0}
  m_PrefabInternal: {fileID: 100100000}
  serializedVersion: 5
  m_Component:
  - component: {fileID: 4120262008051072}
  - component: {fileID: 114831459295222708}
  m_Layer: 0
  m_Name: LowerArmBone_L
  m_TagString: Untagged
  m_Icon: {fileID: 0}
  m_NavMeshLayer: 0
  m_StaticEditorFlags: 0
  m_IsActive: 1
--- !u!1 &1352962850181488
GameObject:
  m_ObjectHideFlags: 1
  m_PrefabParentObject: {fileID: 0}
  m_PrefabInternal: {fileID: 100100000}
  serializedVersion: 5
  m_Component:
  - component: {fileID: 4145787724617058}
  - component: {fileID: 114659980227487584}
  - component: {fileID: 114911076141077210}
  - component: {fileID: 114702189680594738}
  m_Layer: 8
  m_Name: Atk1-1
  m_TagString: Untagged
  m_Icon: {fileID: 0}
  m_NavMeshLayer: 0
  m_StaticEditorFlags: 0
  m_IsActive: 1
--- !u!1 &1359827854108006
GameObject:
  m_ObjectHideFlags: 0
  m_PrefabParentObject: {fileID: 0}
  m_PrefabInternal: {fileID: 100100000}
  serializedVersion: 5
  m_Component:
  - component: {fileID: 4571762001508390}
  - component: {fileID: 50425369144734262}
  - component: {fileID: 70388833104507550}
  - component: {fileID: 114302174344361532}
  - component: {fileID: 70369590545469132}
  m_Layer: 9
  m_Name: Hurtbox
  m_TagString: Untagged
  m_Icon: {fileID: 0}
  m_NavMeshLayer: 0
  m_StaticEditorFlags: 0
  m_IsActive: 1
--- !u!1 &1360064319330440
GameObject:
  m_ObjectHideFlags: 1
  m_PrefabParentObject: {fileID: 0}
  m_PrefabInternal: {fileID: 100100000}
  serializedVersion: 5
  m_Component:
  - component: {fileID: 4663165875726954}
  - component: {fileID: 114394316675420336}
  m_Layer: 0
  m_Name: LegBone_R
  m_TagString: Untagged
  m_Icon: {fileID: 0}
  m_NavMeshLayer: 0
  m_StaticEditorFlags: 0
  m_IsActive: 1
--- !u!1 &1365780837835976
GameObject:
  m_ObjectHideFlags: 1
  m_PrefabParentObject: {fileID: 0}
  m_PrefabInternal: {fileID: 100100000}
  serializedVersion: 5
  m_Component:
  - component: {fileID: 4098970194809908}
  - component: {fileID: 114412619556012942}
  m_Layer: 0
  m_Name: SpineBone
  m_TagString: Untagged
  m_Icon: {fileID: 0}
  m_NavMeshLayer: 0
  m_StaticEditorFlags: 0
  m_IsActive: 1
--- !u!1 &1383381170225576
GameObject:
  m_ObjectHideFlags: 1
  m_PrefabParentObject: {fileID: 0}
  m_PrefabInternal: {fileID: 100100000}
  serializedVersion: 5
  m_Component:
  - component: {fileID: 4658896018451956}
  - component: {fileID: 114602646238500110}
  m_Layer: 0
  m_Name: LegBone_L
  m_TagString: Untagged
  m_Icon: {fileID: 0}
  m_NavMeshLayer: 0
  m_StaticEditorFlags: 0
  m_IsActive: 1
--- !u!1 &1389735792895350
GameObject:
  m_ObjectHideFlags: 0
  m_PrefabParentObject: {fileID: 0}
  m_PrefabInternal: {fileID: 100100000}
  serializedVersion: 5
  m_Component:
  - component: {fileID: 4346085352859828}
  - component: {fileID: 114387938024698028}
  m_Layer: 0
  m_Name: Moves
  m_TagString: Untagged
  m_Icon: {fileID: 0}
  m_NavMeshLayer: 0
  m_StaticEditorFlags: 0
  m_IsActive: 1
--- !u!1 &1406418836257264
GameObject:
  m_ObjectHideFlags: 1
  m_PrefabParentObject: {fileID: 0}
  m_PrefabInternal: {fileID: 100100000}
  serializedVersion: 5
  m_Component:
  - component: {fileID: 4720382905345382}
  - component: {fileID: 114923301853017840}
  - component: {fileID: 114807001717815782}
  m_Layer: 8
  m_Name: dash
  m_TagString: Untagged
  m_Icon: {fileID: 0}
  m_NavMeshLayer: 0
  m_StaticEditorFlags: 0
  m_IsActive: 1
--- !u!1 &1427800730588786
GameObject:
  m_ObjectHideFlags: 1
  m_PrefabParentObject: {fileID: 0}
  m_PrefabInternal: {fileID: 100100000}
  serializedVersion: 5
  m_Component:
  - component: {fileID: 4756182166354070}
  - component: {fileID: 114183565801061120}
  m_Layer: 0
  m_Name: LowerArmBone_R
  m_TagString: Untagged
  m_Icon: {fileID: 0}
  m_NavMeshLayer: 0
  m_StaticEditorFlags: 0
  m_IsActive: 1
--- !u!1 &1458441106176116
GameObject:
  m_ObjectHideFlags: 1
  m_PrefabParentObject: {fileID: 0}
  m_PrefabInternal: {fileID: 100100000}
  serializedVersion: 5
  m_Component:
  - component: {fileID: 4782216890366194}
  - component: {fileID: 114529929915754102}
  m_Layer: 0
  m_Name: LowerLegBone_R
  m_TagString: Untagged
  m_Icon: {fileID: 0}
  m_NavMeshLayer: 0
  m_StaticEditorFlags: 0
  m_IsActive: 1
--- !u!1 &1478426089740000
GameObject:
  m_ObjectHideFlags: 0
  m_PrefabParentObject: {fileID: 0}
  m_PrefabInternal: {fileID: 100100000}
  serializedVersion: 5
  m_Component:
  - component: {fileID: 4209597853777698}
  - component: {fileID: 50573461975201932}
  - component: {fileID: 114511417056561634}
  - component: {fileID: 114634184388050522}
  m_Layer: 8
  m_Name: Weapon
  m_TagString: Untagged
  m_Icon: {fileID: 0}
  m_NavMeshLayer: 0
  m_StaticEditorFlags: 0
  m_IsActive: 1
--- !u!1 &1490198981986366
GameObject:
  m_ObjectHideFlags: 0
  m_PrefabParentObject: {fileID: 0}
  m_PrefabInternal: {fileID: 100100000}
  serializedVersion: 5
  m_Component:
  - component: {fileID: 4648819341070072}
  - component: {fileID: 212004399089269524}
  - component: {fileID: 114892057864536548}
  m_Layer: 5
  m_Name: TargetLock
  m_TagString: Untagged
  m_Icon: {fileID: 0}
  m_NavMeshLayer: 0
  m_StaticEditorFlags: 0
  m_IsActive: 1
--- !u!1 &1522118911911550
GameObject:
  m_ObjectHideFlags: 1
  m_PrefabParentObject: {fileID: 0}
  m_PrefabInternal: {fileID: 100100000}
  serializedVersion: 5
  m_Component:
  - component: {fileID: 4364159913924624}
  m_Layer: 8
  m_Name: hitboxOrigin (1)
  m_TagString: Untagged
  m_Icon: {fileID: 0}
  m_NavMeshLayer: 0
  m_StaticEditorFlags: 0
  m_IsActive: 1
--- !u!1 &1546452936741544
GameObject:
  m_ObjectHideFlags: 0
  m_PrefabParentObject: {fileID: 0}
  m_PrefabInternal: {fileID: 100100000}
  serializedVersion: 5
  m_Component:
  - component: {fileID: 4963594919851940}
  - component: {fileID: 212132935952984704}
  - component: {fileID: 114554430553528472}
  - component: {fileID: 114888126972473490}
  - component: {fileID: 61654920665434524}
  - component: {fileID: 114759038201216636}
  m_Layer: 10
  m_Name: TargetDummy
  m_TagString: Untagged
  m_Icon: {fileID: 0}
  m_NavMeshLayer: 0
  m_StaticEditorFlags: 0
  m_IsActive: 1
--- !u!1 &1585609489640014
GameObject:
  m_ObjectHideFlags: 1
  m_PrefabParentObject: {fileID: 0}
  m_PrefabInternal: {fileID: 100100000}
  serializedVersion: 5
  m_Component:
  - component: {fileID: 4854471432370336}
  - component: {fileID: 212117040194940274}
  m_Layer: 0
  m_Name: LowerArm_L
  m_TagString: Untagged
  m_Icon: {fileID: 0}
  m_NavMeshLayer: 0
  m_StaticEditorFlags: 0
  m_IsActive: 1
--- !u!1 &1613104908249258
GameObject:
  m_ObjectHideFlags: 1
  m_PrefabParentObject: {fileID: 0}
  m_PrefabInternal: {fileID: 100100000}
  serializedVersion: 5
  m_Component:
  - component: {fileID: 4487256743423850}
  - component: {fileID: 114524675974363146}
  m_Layer: 0
  m_Name: HeadBone
  m_TagString: Untagged
  m_Icon: {fileID: 0}
  m_NavMeshLayer: 0
  m_StaticEditorFlags: 0
  m_IsActive: 1
--- !u!1 &1622412909048248
GameObject:
  m_ObjectHideFlags: 1
  m_PrefabParentObject: {fileID: 0}
  m_PrefabInternal: {fileID: 100100000}
  serializedVersion: 5
  m_Component:
  - component: {fileID: 4564760161398040}
  - component: {fileID: 212405348280473054}
  m_Layer: 0
  m_Name: Leg_L
  m_TagString: Untagged
  m_Icon: {fileID: 0}
  m_NavMeshLayer: 0
  m_StaticEditorFlags: 0
  m_IsActive: 1
--- !u!1 &1629354225970730
GameObject:
  m_ObjectHideFlags: 1
  m_PrefabParentObject: {fileID: 0}
  m_PrefabInternal: {fileID: 100100000}
  serializedVersion: 5
  m_Component:
  - component: {fileID: 4047942438852192}
  m_Layer: 8
  m_Name: hitboxOrigin
  m_TagString: Untagged
  m_Icon: {fileID: 0}
  m_NavMeshLayer: 0
  m_StaticEditorFlags: 0
  m_IsActive: 1
--- !u!1 &1655380402234580
GameObject:
  m_ObjectHideFlags: 1
  m_PrefabParentObject: {fileID: 0}
  m_PrefabInternal: {fileID: 100100000}
  serializedVersion: 5
  m_Component:
  - component: {fileID: 4289516240248986}
  - component: {fileID: 212764765053159760}
  m_Layer: 0
  m_Name: LowerLeg_L
  m_TagString: Untagged
  m_Icon: {fileID: 0}
  m_NavMeshLayer: 0
  m_StaticEditorFlags: 0
  m_IsActive: 1
--- !u!1 &1656294029527928
GameObject:
  m_ObjectHideFlags: 1
  m_PrefabParentObject: {fileID: 0}
  m_PrefabInternal: {fileID: 100100000}
  serializedVersion: 5
  m_Component:
  - component: {fileID: 4297770360932176}
  - component: {fileID: 212307249121355588}
  m_Layer: 0
  m_Name: Torso
  m_TagString: Untagged
  m_Icon: {fileID: 0}
  m_NavMeshLayer: 0
  m_StaticEditorFlags: 0
  m_IsActive: 1
--- !u!1 &1663150076348422
GameObject:
  m_ObjectHideFlags: 1
  m_PrefabParentObject: {fileID: 0}
  m_PrefabInternal: {fileID: 100100000}
  serializedVersion: 5
  m_Component:
  - component: {fileID: 4955637866213404}
  - component: {fileID: 114303583172239822}
  m_Layer: 0
  m_Name: WeaponBone
  m_TagString: Untagged
  m_Icon: {fileID: 0}
  m_NavMeshLayer: 0
  m_StaticEditorFlags: 0
  m_IsActive: 1
--- !u!1 &1745886451052212
GameObject:
  m_ObjectHideFlags: 1
  m_PrefabParentObject: {fileID: 0}
  m_PrefabInternal: {fileID: 100100000}
  serializedVersion: 5
  m_Component:
  - component: {fileID: 4979474852782752}
  m_Layer: 8
  m_Name: hitboxOrigin
  m_TagString: Untagged
  m_Icon: {fileID: 0}
  m_NavMeshLayer: 0
  m_StaticEditorFlags: 0
  m_IsActive: 1
--- !u!1 &1749961595405010
GameObject:
  m_ObjectHideFlags: 1
  m_PrefabParentObject: {fileID: 0}
  m_PrefabInternal: {fileID: 100100000}
  serializedVersion: 5
  m_Component:
  - component: {fileID: 4219397484700988}
  - component: {fileID: 212799633528896202}
  m_Layer: 0
  m_Name: Sword
  m_TagString: Untagged
  m_Icon: {fileID: 0}
  m_NavMeshLayer: 0
  m_StaticEditorFlags: 0
  m_IsActive: 1
--- !u!1 &1838010266067844
GameObject:
  m_ObjectHideFlags: 1
  m_PrefabParentObject: {fileID: 0}
  m_PrefabInternal: {fileID: 100100000}
  serializedVersion: 5
  m_Component:
  - component: {fileID: 4507516295769576}
  - component: {fileID: 114023353135620534}
  m_Layer: 0
  m_Name: Landing
  m_TagString: Untagged
  m_Icon: {fileID: 0}
  m_NavMeshLayer: 0
  m_StaticEditorFlags: 0
  m_IsActive: 1
--- !u!1 &1852188322178268
GameObject:
  m_ObjectHideFlags: 1
  m_PrefabParentObject: {fileID: 0}
  m_PrefabInternal: {fileID: 100100000}
  serializedVersion: 5
  m_Component:
  - component: {fileID: 4627488662256154}
  - component: {fileID: 212946462176936096}
  m_Layer: 0
  m_Name: Arm_R
  m_TagString: Untagged
  m_Icon: {fileID: 0}
  m_NavMeshLayer: 0
  m_StaticEditorFlags: 0
  m_IsActive: 1
--- !u!1 &1855356929862588
GameObject:
  m_ObjectHideFlags: 1
  m_PrefabParentObject: {fileID: 0}
  m_PrefabInternal: {fileID: 100100000}
  serializedVersion: 5
  m_Component:
  - component: {fileID: 4293062660024658}
  - component: {fileID: 114568434084757518}
  - component: {fileID: 114990793480286772}
  m_Layer: 8
  m_Name: JumpAtk
  m_TagString: Untagged
  m_Icon: {fileID: 0}
  m_NavMeshLayer: 0
  m_StaticEditorFlags: 0
  m_IsActive: 1
--- !u!1 &1862773300428978
GameObject:
  m_ObjectHideFlags: 1
  m_PrefabParentObject: {fileID: 0}
  m_PrefabInternal: {fileID: 100100000}
  serializedVersion: 5
  m_Component:
  - component: {fileID: 4799133306496604}
  m_Layer: 8
  m_Name: hitboxOrigin (3)
  m_TagString: Untagged
  m_Icon: {fileID: 0}
  m_NavMeshLayer: 0
  m_StaticEditorFlags: 0
  m_IsActive: 1
--- !u!1 &1863558028152794
GameObject:
  m_ObjectHideFlags: 1
  m_PrefabParentObject: {fileID: 0}
  m_PrefabInternal: {fileID: 100100000}
  serializedVersion: 5
  m_Component:
  - component: {fileID: 4684838956739338}
  - component: {fileID: 114831392426799570}
  - component: {fileID: 114081390593255074}
  m_Layer: 8
  m_Name: fastkick
  m_TagString: Untagged
  m_Icon: {fileID: 0}
  m_NavMeshLayer: 0
  m_StaticEditorFlags: 0
  m_IsActive: 1
--- !u!1 &1864327111333602
GameObject:
  m_ObjectHideFlags: 1
  m_PrefabParentObject: {fileID: 0}
  m_PrefabInternal: {fileID: 100100000}
  serializedVersion: 5
  m_Component:
  - component: {fileID: 4278957695426688}
  - component: {fileID: 114450424246673750}
  - component: {fileID: 114137562947204456}
  m_Layer: 8
  m_Name: Atk2
  m_TagString: Untagged
  m_Icon: {fileID: 0}
  m_NavMeshLayer: 0
  m_StaticEditorFlags: 0
  m_IsActive: 1
--- !u!1 &1872025458221642
GameObject:
  m_ObjectHideFlags: 1
  m_PrefabParentObject: {fileID: 0}
  m_PrefabInternal: {fileID: 100100000}
  serializedVersion: 5
  m_Component:
  - component: {fileID: 4499744923105152}
  - component: {fileID: 212906735171996816}
  m_Layer: 0
  m_Name: LowerLeg_R
  m_TagString: Untagged
  m_Icon: {fileID: 0}
  m_NavMeshLayer: 0
  m_StaticEditorFlags: 0
  m_IsActive: 1
--- !u!1 &1891931819259976
GameObject:
  m_ObjectHideFlags: 1
  m_PrefabParentObject: {fileID: 0}
  m_PrefabInternal: {fileID: 100100000}
  serializedVersion: 5
  m_Component:
  - component: {fileID: 4952281013850666}
  - component: {fileID: 114728842516591454}
  - component: {fileID: 114562434526148342}
  m_Layer: 8
  m_Name: counter
  m_TagString: Untagged
  m_Icon: {fileID: 0}
  m_NavMeshLayer: 0
  m_StaticEditorFlags: 0
  m_IsActive: 1
--- !u!1 &1897280604458828
GameObject:
  m_ObjectHideFlags: 1
  m_PrefabParentObject: {fileID: 0}
  m_PrefabInternal: {fileID: 100100000}
  serializedVersion: 5
  m_Component:
  - component: {fileID: 4501855882604470}
  - component: {fileID: 212261623441853126}
  m_Layer: 0
  m_Name: Head
  m_TagString: Untagged
  m_Icon: {fileID: 0}
  m_NavMeshLayer: 0
  m_StaticEditorFlags: 0
  m_IsActive: 1
--- !u!1 &1937214117791416
GameObject:
  m_ObjectHideFlags: 1
  m_PrefabParentObject: {fileID: 0}
  m_PrefabInternal: {fileID: 100100000}
  serializedVersion: 5
  m_Component:
  - component: {fileID: 4890993671094284}
  - component: {fileID: 114034954514168698}
  - component: {fileID: 114391021585900976}
  m_Layer: 8
  m_Name: Atk1
  m_TagString: Untagged
  m_Icon: {fileID: 0}
  m_NavMeshLayer: 0
  m_StaticEditorFlags: 0
  m_IsActive: 1
--- !u!1 &1973112988015566
GameObject:
  m_ObjectHideFlags: 1
  m_PrefabParentObject: {fileID: 0}
  m_PrefabInternal: {fileID: 100100000}
  serializedVersion: 5
  m_Component:
  - component: {fileID: 4886952016108588}
  m_Layer: 8
  m_Name: hitboxOrigin
  m_TagString: Untagged
  m_Icon: {fileID: 0}
  m_NavMeshLayer: 0
  m_StaticEditorFlags: 0
  m_IsActive: 1
--- !u!4 &4047942438852192
Transform:
  m_ObjectHideFlags: 1
  m_PrefabParentObject: {fileID: 0}
  m_PrefabInternal: {fileID: 100100000}
  m_GameObject: {fileID: 1629354225970730}
  m_LocalRotation: {x: -0, y: -0, z: -0, w: 1}
  m_LocalPosition: {x: 0.35, y: -0.79, z: 0}
  m_LocalScale: {x: 1, y: 1, z: 1}
  m_Children: []
  m_Father: {fileID: 4890993671094284}
  m_RootOrder: 0
  m_LocalEulerAnglesHint: {x: 0, y: 0, z: 0}
--- !u!4 &4098970194809908
Transform:
  m_ObjectHideFlags: 1
  m_PrefabParentObject: {fileID: 0}
  m_PrefabInternal: {fileID: 100100000}
  m_GameObject: {fileID: 1365780837835976}
  m_LocalRotation: {x: 0, y: 0, z: 0.041875664, w: -0.99912286}
  m_LocalPosition: {x: 0.00999999, y: -0.01999998, z: 0}
  m_LocalScale: {x: 1, y: 1, z: 1}
  m_Children:
  - {fileID: 4297770360932176}
  - {fileID: 4487256743423850}
  - {fileID: 4483211397634150}
  - {fileID: 4826525476613634}
  - {fileID: 4663165875726954}
  - {fileID: 4658896018451956}
  m_Father: {fileID: 4793130329923720}
  m_RootOrder: 0
  m_LocalEulerAnglesHint: {x: 0, y: 0, z: -60.179596}
--- !u!4 &4120262008051072
Transform:
  m_ObjectHideFlags: 1
  m_PrefabParentObject: {fileID: 0}
  m_PrefabInternal: {fileID: 100100000}
  m_GameObject: {fileID: 1278943260659580}
  m_LocalRotation: {x: 0, y: 0, z: 0.39394197, w: 0.91913533}
  m_LocalPosition: {x: -0.000000029802319, y: 0.48493895, z: 0}
  m_LocalScale: {x: 1.0000001, y: 1.0000001, z: 1}
  m_Children:
  - {fileID: 4854471432370336}
  m_Father: {fileID: 4826525476613634}
  m_RootOrder: 1
  m_LocalEulerAnglesHint: {x: 0, y: 0, z: 49.41564}
--- !u!4 &4145787724617058
Transform:
  m_ObjectHideFlags: 1
  m_PrefabParentObject: {fileID: 0}
  m_PrefabInternal: {fileID: 100100000}
  m_GameObject: {fileID: 1352962850181488}
  m_LocalRotation: {x: -0, y: -0, z: -0, w: 1}
  m_LocalPosition: {x: 0, y: 0, z: 0}
  m_LocalScale: {x: 1, y: 1, z: 1}
  m_Children:
  - {fileID: 4799133306496604}
  m_Father: {fileID: 4209597853777698}
  m_RootOrder: 3
  m_LocalEulerAnglesHint: {x: 0, y: 0, z: 0}
--- !u!4 &4209597853777698
Transform:
  m_ObjectHideFlags: 1
  m_PrefabParentObject: {fileID: 0}
  m_PrefabInternal: {fileID: 100100000}
  m_GameObject: {fileID: 1478426089740000}
  m_LocalRotation: {x: -0, y: -0, z: -0, w: 1}
  m_LocalPosition: {x: 0, y: 0, z: 0}
  m_LocalScale: {x: 1, y: 1, z: 1}
  m_Children:
  - {fileID: 4890993671094284}
  - {fileID: 4278957695426688}
  - {fileID: 4293062660024658}
  - {fileID: 4145787724617058}
  - {fileID: 4684838956739338}
  - {fileID: 4952281013850666}
  - {fileID: 4966573079802056}
  m_Father: {fileID: 4963594919851940}
  m_RootOrder: 1
  m_LocalEulerAnglesHint: {x: 0, y: 0, z: 0}
--- !u!4 &4219397484700988
Transform:
  m_ObjectHideFlags: 1
  m_PrefabParentObject: {fileID: 0}
  m_PrefabInternal: {fileID: 100100000}
  m_GameObject: {fileID: 1749961595405010}
  m_LocalRotation: {x: -0, y: -0, z: -0.0077669322, w: 0.99996984}
  m_LocalPosition: {x: -0.011779588, y: 0.28927737, z: 0}
  m_LocalScale: {x: 1, y: 1, z: 1}
  m_Children: []
  m_Father: {fileID: 4955637866213404}
  m_RootOrder: 0
  m_LocalEulerAnglesHint: {x: 0, y: 0, z: -25.13}
--- !u!4 &4278957695426688
Transform:
  m_ObjectHideFlags: 1
  m_PrefabParentObject: {fileID: 0}
  m_PrefabInternal: {fileID: 100100000}
  m_GameObject: {fileID: 1864327111333602}
  m_LocalRotation: {x: 0, y: 0, z: 0, w: 1}
  m_LocalPosition: {x: 0, y: 0, z: 0}
  m_LocalScale: {x: 1, y: 1, z: 1}
  m_Children:
  - {fileID: 4364159913924624}
  m_Father: {fileID: 4209597853777698}
  m_RootOrder: 1
  m_LocalEulerAnglesHint: {x: 0, y: 0, z: 0}
--- !u!4 &4289516240248986
Transform:
  m_ObjectHideFlags: 1
  m_PrefabParentObject: {fileID: 0}
  m_PrefabInternal: {fileID: 100100000}
  m_GameObject: {fileID: 1655380402234580}
  m_LocalRotation: {x: 0, y: 0, z: -0.9996101, w: 0.027921675}
  m_LocalPosition: {x: -0.05, y: 0.029, z: 0}
  m_LocalScale: {x: 1, y: 1, z: 1}
  m_Children: []
  m_Father: {fileID: 4359085811130924}
  m_RootOrder: 0
  m_LocalEulerAnglesHint: {x: 0, y: 0, z: -176.8}
--- !u!4 &4293062660024658
Transform:
  m_ObjectHideFlags: 1
  m_PrefabParentObject: {fileID: 0}
  m_PrefabInternal: {fileID: 100100000}
  m_GameObject: {fileID: 1855356929862588}
  m_LocalRotation: {x: -0, y: -0, z: -0, w: 1}
  m_LocalPosition: {x: 0, y: 0, z: 0}
  m_LocalScale: {x: 1, y: 1, z: 1}
  m_Children:
  - {fileID: 4546029799391622}
  m_Father: {fileID: 4209597853777698}
  m_RootOrder: 2
  m_LocalEulerAnglesHint: {x: 0, y: 0, z: 0}
--- !u!4 &4297770360932176
Transform:
  m_ObjectHideFlags: 1
  m_PrefabParentObject: {fileID: 0}
  m_PrefabInternal: {fileID: 100100000}
  m_GameObject: {fileID: 1656294029527928}
  m_LocalRotation: {x: -0, y: -0, z: -0.024432048, w: -0.9997015}
  m_LocalPosition: {x: 0.029, y: 0.001, z: 0}
  m_LocalScale: {x: 1, y: 1, z: 1}
  m_Children: []
  m_Father: {fileID: 4098970194809908}
  m_RootOrder: 0
  m_LocalEulerAnglesHint: {x: 0, y: 0, z: 0}
--- !u!4 &4346085352859828
Transform:
  m_ObjectHideFlags: 1
  m_PrefabParentObject: {fileID: 0}
  m_PrefabInternal: {fileID: 100100000}
  m_GameObject: {fileID: 1389735792895350}
  m_LocalRotation: {x: -0, y: -0, z: -0, w: 1}
  m_LocalPosition: {x: 5.67181, y: -0.31406575, z: -0.16308594}
  m_LocalScale: {x: 1, y: 1, z: 1}
  m_Children:
  - {fileID: 4507516295769576}
  - {fileID: 4462365151985484}
  - {fileID: 4720382905345382}
  m_Father: {fileID: 4963594919851940}
  m_RootOrder: 3
  m_LocalEulerAnglesHint: {x: 0, y: 0, z: 0}
--- !u!4 &4359085811130924
Transform:
  m_ObjectHideFlags: 1
  m_PrefabParentObject: {fileID: 0}
  m_PrefabInternal: {fileID: 100100000}
  m_GameObject: {fileID: 1214877836573344}
  m_LocalRotation: {x: 0, y: 0, z: 0.0072939266, w: 0.9999734}
  m_LocalPosition: {x: -0.000000014901159, y: 0.5574644, z: 0}
  m_LocalScale: {x: 1, y: 1, z: 1}
  m_Children:
  - {fileID: 4289516240248986}
  m_Father: {fileID: 4658896018451956}
  m_RootOrder: 1
  m_LocalEulerAnglesHint: {x: 0, y: 0, z: -135.29462}
--- !u!4 &4364159913924624
Transform:
  m_ObjectHideFlags: 1
  m_PrefabParentObject: {fileID: 0}
  m_PrefabInternal: {fileID: 100100000}
  m_GameObject: {fileID: 1522118911911550}
  m_LocalRotation: {x: -0, y: -0, z: -0, w: 1}
  m_LocalPosition: {x: 0.11, y: -0.77, z: 0}
  m_LocalScale: {x: 1, y: 1, z: 1}
  m_Children: []
  m_Father: {fileID: 4278957695426688}
  m_RootOrder: 0
  m_LocalEulerAnglesHint: {x: 0, y: 0, z: 0}
--- !u!4 &4399357291779778
Transform:
  m_ObjectHideFlags: 1
  m_PrefabParentObject: {fileID: 0}
  m_PrefabInternal: {fileID: 100100000}
  m_GameObject: {fileID: 1106439955636864}
  m_LocalRotation: {x: 0, y: -0, z: 0.99867487, w: -0.051464293}
  m_LocalPosition: {x: -0.017, y: 0.165, z: 0}
  m_LocalScale: {x: 1, y: 1, z: 1}
  m_Children: []
  m_Father: {fileID: 4663165875726954}
  m_RootOrder: 0
  m_LocalEulerAnglesHint: {x: 0, y: 0, z: 185.9}
--- !u!4 &4462365151985484
Transform:
  m_ObjectHideFlags: 1
  m_PrefabParentObject: {fileID: 0}
  m_PrefabInternal: {fileID: 100100000}
  m_GameObject: {fileID: 1170810550453408}
  m_LocalRotation: {x: -0, y: -0, z: -0, w: 1}
  m_LocalPosition: {x: 0, y: 0, z: 0}
  m_LocalScale: {x: 1, y: 1, z: 1}
  m_Children: []
  m_Father: {fileID: 4346085352859828}
  m_RootOrder: 1
  m_LocalEulerAnglesHint: {x: 0, y: 0, z: 0}
--- !u!4 &4483211397634150
Transform:
  m_ObjectHideFlags: 1
  m_PrefabParentObject: {fileID: 0}
  m_PrefabInternal: {fileID: 100100000}
  m_GameObject: {fileID: 1030910199956984}
  m_LocalRotation: {x: 0, y: 0, z: 0.9991944, w: -0.0401318}
  m_LocalPosition: {x: 0.043, y: 0.661, z: 0}
  m_LocalScale: {x: 1, y: 1, z: 1}
  m_Children:
  - {fileID: 4627488662256154}
  - {fileID: 4756182166354070}
  m_Father: {fileID: 4098970194809908}
  m_RootOrder: 2
  m_LocalEulerAnglesHint: {x: 0, y: 0, z: -89.50476}
--- !u!4 &4487256743423850
Transform:
  m_ObjectHideFlags: 1
  m_PrefabParentObject: {fileID: 0}
  m_PrefabInternal: {fileID: 100100000}
  m_GameObject: {fileID: 1613104908249258}
  m_LocalRotation: {x: 0, y: 0, z: 0.010728544, w: -0.9999425}
  m_LocalPosition: {x: -0.0000000037252903, y: 0.7210251, z: 0}
  m_LocalScale: {x: 1, y: 1, z: 1}
  m_Children:
  - {fileID: 4501855882604470}
  m_Father: {fileID: 4098970194809908}
  m_RootOrder: 1
  m_LocalEulerAnglesHint: {x: 0, y: 0, z: -2}
--- !u!4 &4499744923105152
Transform:
  m_ObjectHideFlags: 1
  m_PrefabParentObject: {fileID: 0}
  m_PrefabInternal: {fileID: 100100000}
  m_GameObject: {fileID: 1872025458221642}
  m_LocalRotation: {x: 0, y: -0, z: 0.99942094, w: -0.03402713}
  m_LocalPosition: {x: -0.07, y: 0.03, z: 0}
  m_LocalScale: {x: 1, y: 1, z: 1}
  m_Children: []
  m_Father: {fileID: 4782216890366194}
  m_RootOrder: 0
  m_LocalEulerAnglesHint: {x: 0, y: 0, z: 183.9}
--- !u!4 &4501855882604470
Transform:
  m_ObjectHideFlags: 1
  m_PrefabParentObject: {fileID: 0}
  m_PrefabInternal: {fileID: 100100000}
  m_GameObject: {fileID: 1897280604458828}
  m_LocalRotation: {x: -0, y: -0, z: 0.035155986, w: 0.99938184}
  m_LocalPosition: {x: 0, y: 0.05, z: 0}
  m_LocalScale: {x: 1, y: 1, z: 1}
  m_Children: []
  m_Father: {fileID: 4487256743423850}
  m_RootOrder: 0
  m_LocalEulerAnglesHint: {x: 0, y: 0, z: 0}
--- !u!4 &4507516295769576
Transform:
  m_ObjectHideFlags: 1
  m_PrefabParentObject: {fileID: 0}
  m_PrefabInternal: {fileID: 100100000}
  m_GameObject: {fileID: 1838010266067844}
  m_LocalRotation: {x: -0, y: -0, z: -0, w: 1}
  m_LocalPosition: {x: 0, y: 0, z: 0}
  m_LocalScale: {x: 1, y: 1, z: 1}
  m_Children: []
  m_Father: {fileID: 4346085352859828}
  m_RootOrder: 0
  m_LocalEulerAnglesHint: {x: 0, y: 0, z: 0}
--- !u!4 &4507578226519528
Transform:
  m_ObjectHideFlags: 1
  m_PrefabParentObject: {fileID: 0}
  m_PrefabInternal: {fileID: 100100000}
  m_GameObject: {fileID: 1031047390444310}
  m_LocalRotation: {x: -0, y: -0, z: -0, w: 1}
  m_LocalPosition: {x: 0.2, y: -0.82, z: 0}
  m_LocalScale: {x: 1, y: 1, z: 1}
  m_Children: []
  m_Father: {fileID: 4684838956739338}
  m_RootOrder: 0
  m_LocalEulerAnglesHint: {x: 0, y: 0, z: 0}
--- !u!4 &4546029799391622
Transform:
  m_ObjectHideFlags: 1
  m_PrefabParentObject: {fileID: 0}
  m_PrefabInternal: {fileID: 100100000}
  m_GameObject: {fileID: 1193470181302092}
  m_LocalRotation: {x: -0, y: -0, z: -0, w: 1}
  m_LocalPosition: {x: 0.2, y: -1.06, z: 0}
  m_LocalScale: {x: 1, y: 1, z: 1}
  m_Children: []
  m_Father: {fileID: 4293062660024658}
  m_RootOrder: 0
  m_LocalEulerAnglesHint: {x: 0, y: 0, z: 0}
--- !u!4 &4564760161398040
Transform:
  m_ObjectHideFlags: 1
  m_PrefabParentObject: {fileID: 0}
  m_PrefabInternal: {fileID: 100100000}
  m_GameObject: {fileID: 1622412909048248}
  m_LocalRotation: {x: 0, y: 0, z: -0.99929607, w: 0.037515953}
  m_LocalPosition: {x: -0.026, y: 0.159, z: 0}
  m_LocalScale: {x: 1, y: 1, z: 1}
  m_Children: []
  m_Father: {fileID: 4658896018451956}
  m_RootOrder: 0
  m_LocalEulerAnglesHint: {x: 0, y: 0, z: -175.7}
--- !u!4 &4571762001508390
Transform:
  m_ObjectHideFlags: 1
  m_PrefabParentObject: {fileID: 0}
  m_PrefabInternal: {fileID: 100100000}
  m_GameObject: {fileID: 1359827854108006}
  m_LocalRotation: {x: 0, y: 0, z: 0, w: 1}
  m_LocalPosition: {x: 0, y: 0, z: 0}
  m_LocalScale: {x: 1, y: 1, z: 1}
  m_Children: []
  m_Father: {fileID: 4963594919851940}
  m_RootOrder: 0
  m_LocalEulerAnglesHint: {x: 0, y: 0, z: 0}
--- !u!4 &4600313914793932
Transform:
  m_ObjectHideFlags: 1
  m_PrefabParentObject: {fileID: 0}
  m_PrefabInternal: {fileID: 100100000}
  m_GameObject: {fileID: 1069958360168982}
  m_LocalRotation: {x: 0, y: 0, z: 0.99737805, w: 0.07236793}
  m_LocalPosition: {x: -0.008, y: 0.143, z: 0}
  m_LocalScale: {x: 1, y: 1, z: 1}
  m_Children: []
  m_Father: {fileID: 4756182166354070}
  m_RootOrder: 0
  m_LocalEulerAnglesHint: {x: -180, y: 0, z: -17.15799}
--- !u!4 &4627488662256154
Transform:
  m_ObjectHideFlags: 1
  m_PrefabParentObject: {fileID: 0}
  m_PrefabInternal: {fileID: 100100000}
  m_GameObject: {fileID: 1852188322178268}
  m_LocalRotation: {x: 0, y: 0, z: 0.99904823, w: 0.0436195}
  m_LocalPosition: {x: -0.003, y: 0.162, z: 0}
  m_LocalScale: {x: 1, y: 1, z: 1}
  m_Children: []
  m_Father: {fileID: 4483211397634150}
  m_RootOrder: 0
  m_LocalEulerAnglesHint: {x: 0, y: 0, z: 175}
--- !u!4 &4648819341070072
Transform:
  m_ObjectHideFlags: 1
  m_PrefabParentObject: {fileID: 0}
  m_PrefabInternal: {fileID: 100100000}
  m_GameObject: {fileID: 1490198981986366}
  m_LocalRotation: {x: 0, y: 0, z: 0, w: 1}
  m_LocalPosition: {x: 0, y: 0, z: -6.82}
  m_LocalScale: {x: 6.08, y: 4.22, z: 1}
  m_Children: []
  m_Father: {fileID: 4963594919851940}
  m_RootOrder: 2
  m_LocalEulerAnglesHint: {x: 0, y: 0, z: 0}
--- !u!4 &4658896018451956
Transform:
  m_ObjectHideFlags: 1
  m_PrefabParentObject: {fileID: 0}
  m_PrefabInternal: {fileID: 100100000}
  m_GameObject: {fileID: 1383381170225576}
  m_LocalRotation: {x: 0, y: 0, z: 0.9539631, w: 0.29992396}
  m_LocalPosition: {x: -0.03, y: -0.008, z: 0}
  m_LocalScale: {x: 1.0000001, y: 1.0000001, z: 1}
  m_Children:
  - {fileID: 4564760161398040}
  - {fileID: 4359085811130924}
  m_Father: {fileID: 4098970194809908}
  m_RootOrder: 5
  m_LocalEulerAnglesHint: {x: 0, y: 0, z: 318.01343}
--- !u!4 &4663165875726954
Transform:
  m_ObjectHideFlags: 1
  m_PrefabParentObject: {fileID: 0}
  m_PrefabInternal: {fileID: 100100000}
  m_GameObject: {fileID: 1360064319330440}
  m_LocalRotation: {x: 0, y: 0, z: 0.86425424, w: -0.5030553}
  m_LocalPosition: {x: 0.05, y: -0.006, z: 0}
  m_LocalScale: {x: 1, y: 1, z: 1}
  m_Children:
  - {fileID: 4399357291779778}
  - {fileID: 4782216890366194}
  m_Father: {fileID: 4098970194809908}
  m_RootOrder: 4
  m_LocalEulerAnglesHint: {x: 0, y: 0, z: -195.54216}
--- !u!4 &4684838956739338
Transform:
  m_ObjectHideFlags: 1
  m_PrefabParentObject: {fileID: 0}
  m_PrefabInternal: {fileID: 100100000}
  m_GameObject: {fileID: 1863558028152794}
  m_LocalRotation: {x: -0, y: -0, z: -0, w: 1}
  m_LocalPosition: {x: 0, y: 0, z: 0}
  m_LocalScale: {x: 1, y: 1, z: 1}
  m_Children:
  - {fileID: 4507578226519528}
  m_Father: {fileID: 4209597853777698}
  m_RootOrder: 4
  m_LocalEulerAnglesHint: {x: 0, y: 0, z: 0}
--- !u!4 &4720382905345382
Transform:
  m_ObjectHideFlags: 1
  m_PrefabParentObject: {fileID: 0}
  m_PrefabInternal: {fileID: 100100000}
  m_GameObject: {fileID: 1406418836257264}
  m_LocalRotation: {x: -0, y: -0, z: -0, w: 1}
  m_LocalPosition: {x: -5.67181, y: 0.31406575, z: 0.16308594}
  m_LocalScale: {x: 1, y: 1, z: 1}
  m_Children: []
  m_Father: {fileID: 4346085352859828}
  m_RootOrder: 2
  m_LocalEulerAnglesHint: {x: 0, y: 0, z: 0}
--- !u!4 &4756182166354070
Transform:
  m_ObjectHideFlags: 1
  m_PrefabParentObject: {fileID: 0}
  m_PrefabInternal: {fileID: 100100000}
  m_GameObject: {fileID: 1427800730588786}
  m_LocalRotation: {x: 0, y: 0, z: 0.4003491, w: 0.9163627}
  m_LocalPosition: {x: -0.000000029802322, y: 0.4847781, z: 0}
  m_LocalScale: {x: 1.0000001, y: 1.0000001, z: 1}
  m_Children:
  - {fileID: 4600313914793932}
  - {fileID: 4955637866213404}
  m_Father: {fileID: 4483211397634150}
  m_RootOrder: 1
  m_LocalEulerAnglesHint: {x: 0, y: 0, z: 96.73855}
--- !u!4 &4782216890366194
Transform:
  m_ObjectHideFlags: 1
  m_PrefabParentObject: {fileID: 0}
  m_PrefabInternal: {fileID: 100100000}
  m_GameObject: {fileID: 1458441106176116}
  m_LocalRotation: {x: 0, y: 0, z: 0.5397971, w: -0.84179515}
  m_LocalPosition: {x: 0, y: 0.5569824, z: 0}
  m_LocalScale: {x: 1, y: 1, z: 1}
  m_Children:
  - {fileID: 4499744923105152}
  m_Father: {fileID: 4663165875726954}
  m_RootOrder: 1
  m_LocalEulerAnglesHint: {x: 0, y: 0, z: -5.8647733}
--- !u!4 &4793130329923720
Transform:
  m_ObjectHideFlags: 1
  m_PrefabParentObject: {fileID: 0}
  m_PrefabInternal: {fileID: 100100000}
  m_GameObject: {fileID: 1262701857149796}
  m_LocalRotation: {x: 0, y: 0, z: 0, w: 1}
  m_LocalPosition: {x: 0, y: 0, z: 0}
  m_LocalScale: {x: 1, y: 1, z: 1}
  m_Children:
  - {fileID: 4098970194809908}
  m_Father: {fileID: 4963594919851940}
  m_RootOrder: 4
  m_LocalEulerAnglesHint: {x: 0, y: 0, z: 0}
--- !u!4 &4799133306496604
Transform:
  m_ObjectHideFlags: 1
  m_PrefabParentObject: {fileID: 0}
  m_PrefabInternal: {fileID: 100100000}
  m_GameObject: {fileID: 1862773300428978}
  m_LocalRotation: {x: -0, y: -0, z: -0, w: 1}
  m_LocalPosition: {x: 0.5, y: -0.64, z: 0}
  m_LocalScale: {x: 1, y: 1, z: 1}
  m_Children: []
  m_Father: {fileID: 4145787724617058}
  m_RootOrder: 0
  m_LocalEulerAnglesHint: {x: 0, y: 0, z: 0}
--- !u!4 &4826525476613634
Transform:
  m_ObjectHideFlags: 1
  m_PrefabParentObject: {fileID: 0}
  m_PrefabInternal: {fileID: 100100000}
  m_GameObject: {fileID: 1069229472995338}
  m_LocalRotation: {x: 0, y: 0, z: 0.97421277, w: 0.22563118}
  m_LocalPosition: {x: -0.042, y: 0.657, z: 0}
  m_LocalScale: {x: 1.0000001, y: 1.0000001, z: 1}
  m_Children:
  - {fileID: 4932075746026300}
  - {fileID: 4120262008051072}
  m_Father: {fileID: 4098970194809908}
  m_RootOrder: 3
  m_LocalEulerAnglesHint: {x: 0, y: 0, z: -267.66077}
--- !u!4 &4854471432370336
Transform:
  m_ObjectHideFlags: 1
  m_PrefabParentObject: {fileID: 0}
  m_PrefabInternal: {fileID: 100100000}
  m_GameObject: {fileID: 1585609489640014}
  m_LocalRotation: {x: -0, y: -0, z: 0.9993909, w: -0.034899715}
  m_LocalPosition: {x: -0.023898788, y: 0.12291865, z: 0}
  m_LocalScale: {x: 1, y: 1, z: 1}
  m_Children: []
  m_Father: {fileID: 4120262008051072}
  m_RootOrder: 0
  m_LocalEulerAnglesHint: {x: 0, y: 180, z: -176.115}
--- !u!4 &4886952016108588
Transform:
  m_ObjectHideFlags: 1
  m_PrefabParentObject: {fileID: 0}
  m_PrefabInternal: {fileID: 100100000}
  m_GameObject: {fileID: 1973112988015566}
  m_LocalRotation: {x: -0, y: -0, z: -0, w: 1}
  m_LocalPosition: {x: 0.2, y: -0.85, z: 0}
  m_LocalScale: {x: 1, y: 1, z: 1}
  m_Children: []
  m_Father: {fileID: 4952281013850666}
  m_RootOrder: 0
  m_LocalEulerAnglesHint: {x: 0, y: 0, z: 0}
--- !u!4 &4890993671094284
Transform:
  m_ObjectHideFlags: 1
  m_PrefabParentObject: {fileID: 0}
  m_PrefabInternal: {fileID: 100100000}
  m_GameObject: {fileID: 1937214117791416}
  m_LocalRotation: {x: 0, y: 0, z: 0, w: 1}
  m_LocalPosition: {x: 0, y: 0, z: 0}
  m_LocalScale: {x: 1, y: 1, z: 1}
  m_Children:
  - {fileID: 4047942438852192}
  m_Father: {fileID: 4209597853777698}
  m_RootOrder: 0
  m_LocalEulerAnglesHint: {x: 0, y: 0, z: 0}
--- !u!4 &4932075746026300
Transform:
  m_ObjectHideFlags: 1
  m_PrefabParentObject: {fileID: 0}
  m_PrefabInternal: {fileID: 100100000}
  m_GameObject: {fileID: 1187450095627532}
  m_LocalRotation: {x: 0, y: 0, z: -0.9984408, w: 0.055821482}
  m_LocalPosition: {x: -0.038, y: 0.152, z: 0}
  m_LocalScale: {x: 1, y: 1, z: 1}
  m_Children: []
  m_Father: {fileID: 4826525476613634}
  m_RootOrder: 0
  m_LocalEulerAnglesHint: {x: 0, y: 0, z: -173.6}
--- !u!4 &4952281013850666
Transform:
  m_ObjectHideFlags: 1
  m_PrefabParentObject: {fileID: 0}
  m_PrefabInternal: {fileID: 100100000}
  m_GameObject: {fileID: 1891931819259976}
  m_LocalRotation: {x: -0, y: -0, z: -0, w: 1}
  m_LocalPosition: {x: 0, y: 0, z: 0}
  m_LocalScale: {x: 1, y: 1, z: 1}
  m_Children:
  - {fileID: 4886952016108588}
  m_Father: {fileID: 4209597853777698}
  m_RootOrder: 5
  m_LocalEulerAnglesHint: {x: 0, y: 0, z: 0}
--- !u!4 &4955637866213404
Transform:
  m_ObjectHideFlags: 1
  m_PrefabParentObject: {fileID: 0}
  m_PrefabInternal: {fileID: 100100000}
  m_GameObject: {fileID: 1663150076348422}
  m_LocalRotation: {x: 0, y: 0, z: 0.73554677, w: 0.67747396}
  m_LocalPosition: {x: 0.26051062, y: 0.5962162, z: 0}
  m_LocalScale: {x: 1, y: 1, z: 1}
  m_Children:
  - {fileID: 4219397484700988}
  m_Father: {fileID: 4756182166354070}
  m_RootOrder: 1
  m_LocalEulerAnglesHint: {x: 0, y: 0, z: 95.65972}
--- !u!4 &4963594919851940
Transform:
  m_ObjectHideFlags: 1
  m_PrefabParentObject: {fileID: 0}
  m_PrefabInternal: {fileID: 100100000}
  m_GameObject: {fileID: 1546452936741544}
  m_LocalRotation: {x: 0, y: 0, z: 0, w: 1}
  m_LocalPosition: {x: -10.61, y: 1.79, z: 0}
  m_LocalScale: {x: 1, y: 1, z: 1}
  m_Children:
  - {fileID: 4571762001508390}
  - {fileID: 4209597853777698}
  - {fileID: 4648819341070072}
  - {fileID: 4346085352859828}
  - {fileID: 4793130329923720}
  m_Father: {fileID: 0}
  m_RootOrder: 0
  m_LocalEulerAnglesHint: {x: 0, y: 0, z: 0}
--- !u!4 &4966573079802056
Transform:
  m_ObjectHideFlags: 1
  m_PrefabParentObject: {fileID: 0}
  m_PrefabInternal: {fileID: 100100000}
  m_GameObject: {fileID: 1112587545452286}
  m_LocalRotation: {x: -0, y: -0, z: -0, w: 1}
  m_LocalPosition: {x: 0, y: 0, z: 0}
  m_LocalScale: {x: 1, y: 1, z: 1}
  m_Children:
  - {fileID: 4979474852782752}
  m_Father: {fileID: 4209597853777698}
  m_RootOrder: 6
  m_LocalEulerAnglesHint: {x: 0, y: 0, z: 0}
--- !u!4 &4979474852782752
Transform:
  m_ObjectHideFlags: 1
  m_PrefabParentObject: {fileID: 0}
  m_PrefabInternal: {fileID: 100100000}
  m_GameObject: {fileID: 1745886451052212}
  m_LocalRotation: {x: 0, y: 0, z: 0, w: 1}
  m_LocalPosition: {x: 0.41, y: -0.29, z: 0}
  m_LocalScale: {x: 1, y: 1, z: 1}
  m_Children: []
  m_Father: {fileID: 4966573079802056}
  m_RootOrder: 0
  m_LocalEulerAnglesHint: {x: 0, y: 0, z: 0}
--- !u!50 &50425369144734262
Rigidbody2D:
  serializedVersion: 4
  m_ObjectHideFlags: 1
  m_PrefabParentObject: {fileID: 0}
  m_PrefabInternal: {fileID: 100100000}
  m_GameObject: {fileID: 1359827854108006}
  m_BodyType: 1
  m_Simulated: 1
  m_UseFullKinematicContacts: 1
  m_UseAutoMass: 0
  m_Mass: 1
  m_LinearDrag: 0
  m_AngularDrag: 0.05
  m_GravityScale: 1
  m_Material: {fileID: 0}
  m_Interpolate: 0
  m_SleepingMode: 1
  m_CollisionDetection: 0
  m_Constraints: 0
--- !u!50 &50573461975201932
Rigidbody2D:
  serializedVersion: 4
  m_ObjectHideFlags: 1
  m_PrefabParentObject: {fileID: 0}
  m_PrefabInternal: {fileID: 100100000}
  m_GameObject: {fileID: 1478426089740000}
  m_BodyType: 1
  m_Simulated: 1
  m_UseFullKinematicContacts: 1
  m_UseAutoMass: 0
  m_Mass: 1
  m_LinearDrag: 0
  m_AngularDrag: 0.05
  m_GravityScale: 1
  m_Material: {fileID: 0}
  m_Interpolate: 0
  m_SleepingMode: 1
  m_CollisionDetection: 0
  m_Constraints: 0
--- !u!61 &61654920665434524
BoxCollider2D:
  m_ObjectHideFlags: 1
  m_PrefabParentObject: {fileID: 0}
  m_PrefabInternal: {fileID: 100100000}
  m_GameObject: {fileID: 1546452936741544}
  m_Enabled: 1
  m_Density: 1
  m_Material: {fileID: 0}
  m_IsTrigger: 0
  m_UsedByEffector: 0
  m_UsedByComposite: 0
  m_Offset: {x: 0, y: -0.28}
  m_SpriteTilingProperty:
    border: {x: 0.049999997, y: 0.049999997, z: 0.049999997, w: 0.049999997}
    pivot: {x: 0.5, y: 0.5}
    oldSize: {x: 0.16, y: 0.16}
    newSize: {x: 0.16, y: 0.16}
    adaptiveTilingThreshold: 0.5
    drawMode: 0
    adaptiveTiling: 0
  m_AutoTiling: 0
  serializedVersion: 2
  m_Size: {x: 1, y: 2.3}
  m_EdgeRadius: 0
--- !u!70 &70369590545469132
CapsuleCollider2D:
  m_ObjectHideFlags: 1
  m_PrefabParentObject: {fileID: 0}
  m_PrefabInternal: {fileID: 100100000}
  m_GameObject: {fileID: 1359827854108006}
  m_Enabled: 1
  m_Density: 1
  m_Material: {fileID: 0}
  m_IsTrigger: 0
  m_UsedByEffector: 0
  m_UsedByComposite: 0
  m_Offset: {x: 0, y: -0.23}
  m_Size: {x: 1.01, y: 2.31}
  m_Direction: 0
--- !u!70 &70388833104507550
CapsuleCollider2D:
  m_ObjectHideFlags: 1
  m_PrefabParentObject: {fileID: 0}
  m_PrefabInternal: {fileID: 100100000}
  m_GameObject: {fileID: 1359827854108006}
  m_Enabled: 1
  m_Density: 1
  m_Material: {fileID: 0}
  m_IsTrigger: 1
  m_UsedByEffector: 0
  m_UsedByComposite: 0
  m_Offset: {x: 0, y: -0.23}
  m_Size: {x: 1.01, y: 2.31}
  m_Direction: 0
--- !u!95 &95152388169451648
Animator:
  serializedVersion: 3
  m_ObjectHideFlags: 1
  m_PrefabParentObject: {fileID: 0}
  m_PrefabInternal: {fileID: 100100000}
  m_GameObject: {fileID: 1262701857149796}
  m_Enabled: 1
  m_Avatar: {fileID: 0}
  m_Controller: {fileID: 9100000, guid: 7c76ea31e9ee47c4da4ac5fc35eb335f, type: 2}
  m_CullingMode: 0
  m_UpdateMode: 0
  m_ApplyRootMotion: 0
  m_LinearVelocityBlending: 0
  m_WarningMessage: 
  m_HasTransformHierarchy: 1
  m_AllowConstantClipSamplingOptimization: 1
--- !u!114 &114023353135620534
MonoBehaviour:
  m_ObjectHideFlags: 1
  m_PrefabParentObject: {fileID: 0}
  m_PrefabInternal: {fileID: 100100000}
  m_GameObject: {fileID: 1838010266067844}
  m_Enabled: 1
  m_EditorHideFlags: 0
  m_Script: {fileID: 11500000, guid: 3e067704d7fc5614d88d76014601e867, type: 3}
  m_Name: 
  m_EditorClassIdentifier: 
  moveName: 
  collisionMask:
    serializedVersion: 2
    m_Bits: 0
  shellRadius: 0.1
  controller: {fileID: 0}
  status: {fileID: 0}
  moveset: {fileID: 0}
  move: {fileID: 0}
  hitboxes: []
  conditions: {fileID: 0}
  landLagFrames: 10
--- !u!114 &114034954514168698
MonoBehaviour:
  m_ObjectHideFlags: 1
  m_PrefabParentObject: {fileID: 0}
  m_PrefabInternal: {fileID: 100100000}
  m_GameObject: {fileID: 1937214117791416}
  m_Enabled: 1
  m_EditorHideFlags: 0
  m_Script: {fileID: 11500000, guid: ea3deea513fcb14428e4f63af64177eb, type: 3}
  m_Name: 
  m_EditorClassIdentifier: 
  moveName: 
  collisionMask:
    serializedVersion: 2
    m_Bits: 1
  shellRadius: 0.1
  controller: {fileID: 0}
  status: {fileID: 0}
  moveset: {fileID: 0}
  move: {fileID: 0}
  hitboxes: []
  conditions: {fileID: 0}
--- !u!114 &114081390593255074
MonoBehaviour:
  m_ObjectHideFlags: 1
  m_PrefabParentObject: {fileID: 0}
  m_PrefabInternal: {fileID: 100100000}
  m_GameObject: {fileID: 1863558028152794}
  m_Enabled: 0
  m_EditorHideFlags: 0
  m_Script: {fileID: 11500000, guid: 4fb8a831699c2c14ea1fa6279cb452e9, type: 3}
  m_Name: 
  m_EditorClassIdentifier: 
  moveName: kick
  animatorParameterName: 
  isProjectile: 0
  midFrames: 3
  recovery: 20
  hitstun: 20
  blockstun: 10
  pushbackHit: 1
  pushbackBlock: 2
  juggleHorizontalVelocity: 1
  juggleVertivalVelocity: 3
  launchHorizontalVelocity: 1
  launchVertivalVelocity: 3
  startupVelocity: 1
  activeVelocity: 5
  recoveryVelocity: 1
  faction: 0
  projectiles: []
  hitboxes:
  - startup: 3
    active: 4
    hitboxLength: 1
    hitboxHeight: 1
    hitboxOrigin: {fileID: 4507578226519528}
    hitboxOffsetX: 0
    hitboxOffsetY: 0
    hitboxSizeX: 0
    hitboxSizeY: 0
  hitstunType: 1
  blockstunType: 1
  damageOnHit: 500
  damageOnBlock: 2
  staminaCost: 20
  staminaDamageOnHit: 10
  staminaDamageOnBlock: 5
  kick: 1
  launcher: 0
  breaksArmor: 0
  armorPoints: 0
  armorWindowStart: 10
  armorWindowEnd: 20
  cancelWindowStart: 20
  cancelWindowEnd: 20
  owner: {fileID: 0}
--- !u!114 &114127501838059860
MonoBehaviour:
  m_ObjectHideFlags: 1
  m_PrefabParentObject: {fileID: 0}
  m_PrefabInternal: {fileID: 100100000}
  m_GameObject: {fileID: 1262701857149796}
  m_Enabled: 1
  m_EditorHideFlags: 0
  m_Script: {fileID: 11500000, guid: f693b669b0dbe9c43817a29aab5014bc, type: 3}
  m_Name: 
  m_EditorClassIdentifier: 
--- !u!114 &114137562947204456
MonoBehaviour:
  m_ObjectHideFlags: 1
  m_PrefabParentObject: {fileID: 0}
  m_PrefabInternal: {fileID: 100100000}
  m_GameObject: {fileID: 1864327111333602}
  m_Enabled: 0
  m_EditorHideFlags: 0
  m_Script: {fileID: 11500000, guid: 4fb8a831699c2c14ea1fa6279cb452e9, type: 3}
  m_Name: 
  m_EditorClassIdentifier: 
  moveName: atk2
  animatorParameterName: 
  isProjectile: 0
  midFrames: 3
  recovery: 20
  hitstun: 20
  blockstun: 10
  pushbackHit: 1
  pushbackBlock: 2
  juggleHorizontalVelocity: 1
  juggleVertivalVelocity: 3
  launchHorizontalVelocity: 1
  launchVertivalVelocity: 3
  startupVelocity: 1
  activeVelocity: 5
  recoveryVelocity: 1
  faction: 0
  projectiles: []
  hitboxes:
  - startup: 5
    active: 5
    hitboxLength: 2
    hitboxHeight: 1
    hitboxOrigin: {fileID: 4364159913924624}
    hitboxOffsetX: 1
    hitboxOffsetY: 1
    hitboxSizeX: 1
    hitboxSizeY: 1
  - startup: 10
    active: 1
    hitboxLength: 0
    hitboxHeight: 0
    hitboxOrigin: {fileID: 4364159913924624}
    hitboxOffsetX: 1
    hitboxOffsetY: 1
    hitboxSizeX: 1
    hitboxSizeY: 1
  hitstunType: 1
  blockstunType: 1
  damageOnHit: 500
  damageOnBlock: 2
  staminaCost: 20
  staminaDamageOnHit: 10
  staminaDamageOnBlock: 5
  kick: 0
  launcher: 0
  breaksArmor: 0
  armorPoints: 0
  armorWindowStart: 10
  armorWindowEnd: 20
  cancelWindowStart: 20
  cancelWindowEnd: 20
  owner: {fileID: 0}
--- !u!114 &114144574619040220
MonoBehaviour:
  m_ObjectHideFlags: 1
  m_PrefabParentObject: {fileID: 0}
  m_PrefabInternal: {fileID: 100100000}
  m_GameObject: {fileID: 1262701857149796}
  m_Enabled: 1
  m_EditorHideFlags: 0
  m_Script: {fileID: 11500000, guid: fb256e08a9a483d42bdeca5591ee77a6, type: 3}
  m_Name: 
  m_EditorClassIdentifier: 
  ArmL: {fileID: 212358461957780100}
  ArmR: {fileID: 212946462176936096}
  LowerArmL: {fileID: 212117040194940274}
  LowerArmR: {fileID: 212816465287537432}
  LegL: {fileID: 212405348280473054}
  LegR: {fileID: 212615463064484060}
  LowerLegL: {fileID: 212764765053159760}
  LowerLegR: {fileID: 212906735171996816}
  WeaponR: {fileID: 212799633528896202}
  WeaponL: {fileID: 212799633528896202}
  ArmLDefaultLayer: 50
  LowerArmLDefaultLayer: 51
  ArmRDefaultLayer: 10
  LowerArmRDefaultLayer: 11
  LegLDefaultLayer: 40
  LowerLegLDefaultLayer: 41
  LegRDefaultLayer: 20
  LowerLegRDefaultLayer: 21
  WeaponRDefaultLayer: 9
  WeaponLDefaultLayer: 49
  desiredFrames: 0
  anim: {fileID: 0}
--- !u!114 &114183565801061120
MonoBehaviour:
  m_ObjectHideFlags: 1
  m_PrefabParentObject: {fileID: 0}
  m_PrefabInternal: {fileID: 100100000}
  m_GameObject: {fileID: 1427800730588786}
  m_Enabled: 1
  m_EditorHideFlags: 0
  m_Script: {fileID: 0}
  m_Name: 
  m_EditorClassIdentifier: 
--- !u!114 &114252829762875742
MonoBehaviour:
  m_ObjectHideFlags: 1
  m_PrefabParentObject: {fileID: 0}
  m_PrefabInternal: {fileID: 100100000}
  m_GameObject: {fileID: 1112587545452286}
  m_Enabled: 0
  m_EditorHideFlags: 0
  m_Script: {fileID: 11500000, guid: 4fb8a831699c2c14ea1fa6279cb452e9, type: 3}
  m_Name: 
  m_EditorClassIdentifier: 
  moveName: kick
  animatorParameterName: 
  isProjectile: 0
  midFrames: 3
  recovery: 10
  hitstun: 20
  blockstun: 10
  pushbackHit: 1
  pushbackBlock: 2
  juggleHorizontalVelocity: 1
  juggleVertivalVelocity: 3
  launchHorizontalVelocity: 1
  launchVertivalVelocity: 3
  startupVelocity: 1
  activeVelocity: 5
  recoveryVelocity: 1
  faction: 0
  projectiles:
  - proj: {fileID: 1350387415230038, guid: ca8bc50a7d438da41b431e1ed2fc331c, type: 2}
    startup: 5
    projectileOrigin: {fileID: 4979474852782752}
  hitboxes: []
  hitstunType: 1
  blockstunType: 1
  damageOnHit: 500
  damageOnBlock: 2
  staminaCost: 20
  staminaDamageOnHit: 10
  staminaDamageOnBlock: 5
  kick: 1
  launcher: 0
  breaksArmor: 0
  armorPoints: 0
  armorWindowStart: 10
  armorWindowEnd: 20
  cancelWindowStart: 20
  cancelWindowEnd: 20
  owner: {fileID: 0}
--- !u!114 &114279586140511418
MonoBehaviour:
  m_ObjectHideFlags: 1
  m_PrefabParentObject: {fileID: 0}
  m_PrefabInternal: {fileID: 100100000}
  m_GameObject: {fileID: 1170810550453408}
  m_Enabled: 1
  m_EditorHideFlags: 0
  m_Script: {fileID: 11500000, guid: 470181715099b724da87cb37c70b3b45, type: 3}
  m_Name: 
  m_EditorClassIdentifier: 
  moveName: 
  collisionMask:
    serializedVersion: 2
    m_Bits: 0
  shellRadius: 0.1
  controller: {fileID: 0}
  status: {fileID: 0}
  moveset: {fileID: 0}
  move: {fileID: 0}
  hitboxes: []
  conditions: {fileID: 0}
  wakeupFrames: 20
--- !u!114 &114302174344361532
MonoBehaviour:
  m_ObjectHideFlags: 1
  m_PrefabParentObject: {fileID: 0}
  m_PrefabInternal: {fileID: 100100000}
  m_GameObject: {fileID: 1359827854108006}
  m_Enabled: 1
  m_EditorHideFlags: 0
  m_Script: {fileID: 11500000, guid: 6c0f23914ee25ee4696cb129f2cc5b3b, type: 3}
  m_Name: 
  m_EditorClassIdentifier: 
  moveName: 
  collisionMask:
    serializedVersion: 2
    m_Bits: 0
  shellRadius: 0.1
  controller: {fileID: 0}
  status: {fileID: 0}
  moveset: {fileID: 0}
  move: {fileID: 0}
  hitboxes: []
  conditions: {fileID: 0}
  hit: 0
  block: 0
  juggle: 0
  hurtbox: {fileID: 70388833104507550}
  gotHit: 0
--- !u!114 &114303583172239822
MonoBehaviour:
  m_ObjectHideFlags: 1
  m_PrefabParentObject: {fileID: 0}
  m_PrefabInternal: {fileID: 100100000}
  m_GameObject: {fileID: 1663150076348422}
  m_Enabled: 1
  m_EditorHideFlags: 0
  m_Script: {fileID: 0}
  m_Name: 
  m_EditorClassIdentifier: 
--- !u!114 &114387938024698028
MonoBehaviour:
  m_ObjectHideFlags: 1
  m_PrefabParentObject: {fileID: 0}
  m_PrefabInternal: {fileID: 100100000}
  m_GameObject: {fileID: 1389735792895350}
  m_Enabled: 1
  m_EditorHideFlags: 0
  m_Script: {fileID: 11500000, guid: 99f456516cb777b4bb7e22bca5875271, type: 3}
  m_Name: 
  m_EditorClassIdentifier: 
  weaponName: 
  moves:
  - {fileID: 114023353135620534}
  - {fileID: 114279586140511418}
  - {fileID: 114923301853017840}
  conditions: {fileID: 0}
--- !u!114 &114391021585900976
MonoBehaviour:
  m_ObjectHideFlags: 1
  m_PrefabParentObject: {fileID: 0}
  m_PrefabInternal: {fileID: 100100000}
  m_GameObject: {fileID: 1937214117791416}
  m_Enabled: 0
  m_EditorHideFlags: 0
  m_Script: {fileID: 11500000, guid: 4fb8a831699c2c14ea1fa6279cb452e9, type: 3}
  m_Name: 
  m_EditorClassIdentifier: 
  moveName: atk1
  animatorParameterName: attack1
  isProjectile: 0
  midFrames: 3
  recovery: 30
  hitstun: 40
  blockstun: 10
  pushbackHit: 0.1
  pushbackBlock: 2
  juggleHorizontalVelocity: 0
  juggleVertivalVelocity: 2
  launchHorizontalVelocity: 0
  launchVertivalVelocity: 7
  startupVelocity: 2
  activeVelocity: 2
  recoveryVelocity: 0
  faction: 0
  projectiles: []
  hitboxes:
  - startup: 5
    active: 5
    hitboxLength: 2
    hitboxHeight: 1
    hitboxOrigin: {fileID: 4047942438852192}
    hitboxOffsetX: 0.5
    hitboxOffsetY: 0
    hitboxSizeX: 2
    hitboxSizeY: 2
  hitstunType: 1
  blockstunType: 1
  damageOnHit: 500
  damageOnBlock: 2
  staminaCost: 20
  staminaDamageOnHit: 10
  staminaDamageOnBlock: 5
  kick: 0
  launcher: 0
  breaksArmor: 0
  armorPoints: 0
  armorWindowStart: 10
  armorWindowEnd: 20
  cancelWindowStart: 4
  cancelWindowEnd: 20
  owner: {fileID: 0}
--- !u!114 &114394316675420336
MonoBehaviour:
  m_ObjectHideFlags: 1
  m_PrefabParentObject: {fileID: 0}
  m_PrefabInternal: {fileID: 100100000}
  m_GameObject: {fileID: 1360064319330440}
  m_Enabled: 1
  m_EditorHideFlags: 0
  m_Script: {fileID: 0}
  m_Name: 
  m_EditorClassIdentifier: 
--- !u!114 &114412619556012942
MonoBehaviour:
  m_ObjectHideFlags: 1
  m_PrefabParentObject: {fileID: 0}
  m_PrefabInternal: {fileID: 100100000}
  m_GameObject: {fileID: 1365780837835976}
  m_Enabled: 1
  m_EditorHideFlags: 0
  m_Script: {fileID: 0}
  m_Name: 
  m_EditorClassIdentifier: 
--- !u!114 &114450424246673750
MonoBehaviour:
  m_ObjectHideFlags: 1
  m_PrefabParentObject: {fileID: 0}
  m_PrefabInternal: {fileID: 100100000}
  m_GameObject: {fileID: 1864327111333602}
  m_Enabled: 1
  m_EditorHideFlags: 0
  m_Script: {fileID: 11500000, guid: ea3deea513fcb14428e4f63af64177eb, type: 3}
  m_Name: 
  m_EditorClassIdentifier: 
  moveName: 
  collisionMask:
    serializedVersion: 2
    m_Bits: 1
  shellRadius: 0.1
  controller: {fileID: 0}
  status: {fileID: 0}
  moveset: {fileID: 0}
  move: {fileID: 0}
  hitboxes: []
  conditions: {fileID: 0}
--- !u!114 &114511417056561634
MonoBehaviour:
  m_ObjectHideFlags: 1
  m_PrefabParentObject: {fileID: 0}
  m_PrefabInternal: {fileID: 100100000}
  m_GameObject: {fileID: 1478426089740000}
  m_Enabled: 1
  m_EditorHideFlags: 0
  m_Script: {fileID: 11500000, guid: 99f456516cb777b4bb7e22bca5875271, type: 3}
  m_Name: 
  m_EditorClassIdentifier: 
  weaponName: Test
  moves:
  - {fileID: 114034954514168698}
  - {fileID: 114450424246673750}
  - {fileID: 0}
  - {fileID: 114568434084757518}
  - {fileID: 114659980227487584}
  - {fileID: 114831392426799570}
  - {fileID: 114728842516591454}
  conditions: {fileID: 0}
--- !u!114 &114524675974363146
MonoBehaviour:
  m_ObjectHideFlags: 1
  m_PrefabParentObject: {fileID: 0}
  m_PrefabInternal: {fileID: 100100000}
  m_GameObject: {fileID: 1613104908249258}
  m_Enabled: 1
  m_EditorHideFlags: 0
  m_Script: {fileID: 0}
  m_Name: 
  m_EditorClassIdentifier: 
--- !u!114 &114529929915754102
MonoBehaviour:
  m_ObjectHideFlags: 1
  m_PrefabParentObject: {fileID: 0}
  m_PrefabInternal: {fileID: 100100000}
  m_GameObject: {fileID: 1458441106176116}
  m_Enabled: 1
  m_EditorHideFlags: 0
  m_Script: {fileID: 0}
  m_Name: 
  m_EditorClassIdentifier: 
--- !u!114 &114534920025254918
MonoBehaviour:
  m_ObjectHideFlags: 1
  m_PrefabParentObject: {fileID: 0}
  m_PrefabInternal: {fileID: 100100000}
  m_GameObject: {fileID: 1112587545452286}
  m_Enabled: 1
  m_EditorHideFlags: 0
  m_Script: {fileID: 11500000, guid: d85807b2a3ff1b8439e027a2ca5fccb0, type: 3}
  m_Name: 
  m_EditorClassIdentifier: 
  moveName: 
  collisionMask:
    serializedVersion: 2
    m_Bits: 0
  shellRadius: 0.1
  controller: {fileID: 0}
  status: {fileID: 0}
  moveset: {fileID: 0}
  move: {fileID: 0}
  hitboxes: []
  conditions: {fileID: 0}
--- !u!114 &114546271496979458
MonoBehaviour:
  m_ObjectHideFlags: 1
  m_PrefabParentObject: {fileID: 0}
  m_PrefabInternal: {fileID: 100100000}
  m_GameObject: {fileID: 1069229472995338}
  m_Enabled: 1
  m_EditorHideFlags: 0
  m_Script: {fileID: 0}
  m_Name: 
  m_EditorClassIdentifier: 
--- !u!114 &114554430553528472
MonoBehaviour:
  m_ObjectHideFlags: 1
  m_PrefabParentObject: {fileID: 0}
  m_PrefabInternal: {fileID: 100100000}
  m_GameObject: {fileID: 1546452936741544}
  m_Enabled: 1
  m_EditorHideFlags: 0
  m_Script: {fileID: 11500000, guid: 0c292f4cac13dbd48a87d65f593e2fad, type: 3}
  m_Name: 
  m_EditorClassIdentifier: 
  mystatus: 0
  myPreviousStatus: 0
  myPhysicsStatus: 0
  myPreviousPhysicsStatus: 0
  maxStamina: 0
  maxHealth: 0
  maxMeter: 0
  currentStamina: 0
  currentHealth: 0
  currentMeter: 0
  level: 0
  staminaChargeSpeed: 1
  faction: 1
  canRecharge: 1
  dead: 0
  invincible: 0
  armor: 0
  waitBeforeStartRecharging: 10
  jumpable: 0
--- !u!114 &114562434526148342
MonoBehaviour:
  m_ObjectHideFlags: 1
  m_PrefabParentObject: {fileID: 0}
  m_PrefabInternal: {fileID: 100100000}
  m_GameObject: {fileID: 1891931819259976}
  m_Enabled: 0
  m_EditorHideFlags: 0
  m_Script: {fileID: 11500000, guid: 4fb8a831699c2c14ea1fa6279cb452e9, type: 3}
  m_Name: 
  m_EditorClassIdentifier: 
  moveName: atk1
  animatorParameterName: 
  isProjectile: 0
  midFrames: 3
  recovery: 20
  hitstun: 200
  blockstun: 10
  pushbackHit: 0.1
  pushbackBlock: 2
  juggleHorizontalVelocity: 0
  juggleVertivalVelocity: 2
  launchHorizontalVelocity: 0
  launchVertivalVelocity: 7
  startupVelocity: 0
  activeVelocity: 0
  recoveryVelocity: 0
  faction: 0
  projectiles: []
  hitboxes:
  - startup: 4
    active: 4
    hitboxLength: 1
    hitboxHeight: 1
    hitboxOrigin: {fileID: 4886952016108588}
    hitboxOffsetX: 0
    hitboxOffsetY: 0
    hitboxSizeX: 0
    hitboxSizeY: 0
  hitstunType: 1
  blockstunType: 1
  damageOnHit: 500
  damageOnBlock: 2
  staminaCost: 20
  staminaDamageOnHit: 10
  staminaDamageOnBlock: 5
  kick: 0
  launcher: 0
  breaksArmor: 0
  armorPoints: 0
  armorWindowStart: 10
  armorWindowEnd: 20
  cancelWindowStart: 4
  cancelWindowEnd: 20
  owner: {fileID: 0}
--- !u!114 &114568434084757518
MonoBehaviour:
  m_ObjectHideFlags: 1
  m_PrefabParentObject: {fileID: 0}
  m_PrefabInternal: {fileID: 100100000}
  m_GameObject: {fileID: 1855356929862588}
  m_Enabled: 1
  m_EditorHideFlags: 0
  m_Script: {fileID: 11500000, guid: 0f0d5da6886eca84f86355c1029b5a39, type: 3}
  m_Name: 
  m_EditorClassIdentifier: 
  moveName: 
  collisionMask:
    serializedVersion: 2
    m_Bits: 1
  shellRadius: 0.1
  controller: {fileID: 0}
  status: {fileID: 0}
  moveset: {fileID: 0}
  move: {fileID: 0}
  hitboxes: []
  conditions: {fileID: 0}
--- !u!114 &114602646238500110
MonoBehaviour:
  m_ObjectHideFlags: 1
  m_PrefabParentObject: {fileID: 0}
  m_PrefabInternal: {fileID: 100100000}
  m_GameObject: {fileID: 1383381170225576}
  m_Enabled: 1
  m_EditorHideFlags: 0
  m_Script: {fileID: 0}
  m_Name: 
  m_EditorClassIdentifier: 
--- !u!114 &114634184388050522
MonoBehaviour:
  m_ObjectHideFlags: 1
  m_PrefabParentObject: {fileID: 0}
  m_PrefabInternal: {fileID: 100100000}
  m_GameObject: {fileID: 1478426089740000}
  m_Enabled: 1
  m_EditorHideFlags: 0
  m_Script: {fileID: 11500000, guid: 0131271767e37ff4aa5057fadb3a4bff, type: 3}
  m_Name: 
  m_EditorClassIdentifier: 
  moveName: 
  collisionMask:
    serializedVersion: 2
    m_Bits: 0
  shellRadius: 0.1
  controller: {fileID: 0}
  status: {fileID: 0}
  moveset: {fileID: 0}
  move: {fileID: 0}
  hitboxes: []
  conditions: {fileID: 0}
--- !u!114 &114659980227487584
MonoBehaviour:
  m_ObjectHideFlags: 1
  m_PrefabParentObject: {fileID: 0}
  m_PrefabInternal: {fileID: 100100000}
  m_GameObject: {fileID: 1352962850181488}
  m_Enabled: 1
  m_EditorHideFlags: 0
  m_Script: {fileID: 11500000, guid: ea3deea513fcb14428e4f63af64177eb, type: 3}
  m_Name: 
  m_EditorClassIdentifier: 
  moveName: 
  collisionMask:
    serializedVersion: 2
    m_Bits: 1
  shellRadius: 0.1
  controller: {fileID: 0}
  status: {fileID: 0}
  moveset: {fileID: 0}
  move: {fileID: 0}
  hitboxes: []
  conditions: {fileID: 0}
--- !u!114 &114702189680594738
MonoBehaviour:
  m_ObjectHideFlags: 1
  m_PrefabParentObject: {fileID: 0}
  m_PrefabInternal: {fileID: 100100000}
  m_GameObject: {fileID: 1352962850181488}
  m_Enabled: 1
  m_EditorHideFlags: 0
  m_Script: {fileID: 11500000, guid: 22b1ea26872b5474891ad68258302fce, type: 3}
  m_Name: 
  m_EditorClassIdentifier: 
  moveName: 
  collisionMask:
    serializedVersion: 2
    m_Bits: 0
  shellRadius: 0.1
  controller: {fileID: 0}
  status: {fileID: 0}
  moveset: {fileID: 0}
  move: {fileID: 0}
  hitboxes: []
  conditions: {fileID: 0}
--- !u!114 &114728842516591454
MonoBehaviour:
  m_ObjectHideFlags: 1
  m_PrefabParentObject: {fileID: 0}
  m_PrefabInternal: {fileID: 100100000}
  m_GameObject: {fileID: 1891931819259976}
  m_Enabled: 1
  m_EditorHideFlags: 0
  m_Script: {fileID: 11500000, guid: ea3deea513fcb14428e4f63af64177eb, type: 3}
  m_Name: 
  m_EditorClassIdentifier: 
  moveName: 
  collisionMask:
    serializedVersion: 2
    m_Bits: 1
  shellRadius: 0.1
  controller: {fileID: 0}
  status: {fileID: 0}
  moveset: {fileID: 0}
  move: {fileID: 0}
  hitboxes: []
  conditions: {fileID: 0}
--- !u!114 &114759038201216636
MonoBehaviour:
  m_ObjectHideFlags: 1
  m_PrefabParentObject: {fileID: 0}
  m_PrefabInternal: {fileID: 100100000}
  m_GameObject: {fileID: 1546452936741544}
  m_Enabled: 1
  m_EditorHideFlags: 0
  m_Script: {fileID: 11500000, guid: 692978ca3a4406746816e3cfc0088ba5, type: 3}
  m_Name: 
  m_EditorClassIdentifier: 
  velocity: {x: 0, y: 0, z: 0}
  targetVelocity: {x: 0, y: 0}
  avoidsCharacters: 0
  myCollider: {fileID: 0}
  skinWidth: 0.015
  grounded: 0
  maxSlopeAngle: 80
  collisionMask:
    serializedVersion: 2
    m_Bits: 1025
  horizontalRayCount: 4
  verticalRayCount: 4
  horizontalRaySpacing: 0
  verticalRaySpacing: 0
  groundShell: 0.5
  groundMask:
    serializedVersion: 2
    m_Bits: 1
  mystatus: {fileID: 0}
  horizontalmovementCMD: Horizontal
  atk1CMD: P1_attack1
  atk2CMD: P1_attack2
  jumpCMD: P1_jump
  dashCMD: P1_dash
  kickCMD: P1_kick
  targetCMD: P1_target
  verticalmovementCMD: Vertical
  animUtils: {fileID: 0}
  animParameter: 
  animator: {fileID: 95152388169451648}
  currentMove: {fileID: 0}
  movespeed: 6
  jumpVelocity: 5
  status: {fileID: 0}
  landing: {fileID: 0}
  wakeup: {fileID: 0}
  hurtboxhit: {fileID: 114302174344361532}
  moveset: {fileID: 0}
  animationset: {fileID: 0}
  moves: []
  animations: []
  moveIndex: 0
  seq: 0
  facingRight: 1
--- !u!114 &114768048444602944
MonoBehaviour:
  m_ObjectHideFlags: 1
  m_PrefabParentObject: {fileID: 0}
  m_PrefabInternal: {fileID: 100100000}
  m_GameObject: {fileID: 1030910199956984}
  m_Enabled: 1
  m_EditorHideFlags: 0
  m_Script: {fileID: 0}
  m_Name: 
  m_EditorClassIdentifier: 
--- !u!114 &114807001717815782
MonoBehaviour:
  m_ObjectHideFlags: 1
  m_PrefabParentObject: {fileID: 0}
  m_PrefabInternal: {fileID: 100100000}
  m_GameObject: {fileID: 1406418836257264}
  m_Enabled: 0
  m_EditorHideFlags: 0
  m_Script: {fileID: 11500000, guid: 4fb8a831699c2c14ea1fa6279cb452e9, type: 3}
  m_Name: 
  m_EditorClassIdentifier: 
  moveName: kick
  animatorParameterName: 
  isProjectile: 0
  midFrames: 3
  recovery: 20
  hitstun: 20
  blockstun: 10
  pushbackHit: 1
  pushbackBlock: 2
  juggleHorizontalVelocity: 1
  juggleVertivalVelocity: 3
  launchHorizontalVelocity: 1
  launchVertivalVelocity: 3
  startupVelocity: 1
  activeVelocity: 5
  recoveryVelocity: 1
  faction: 0
  projectiles: []
  hitboxes: []
  hitstunType: 1
  blockstunType: 1
  damageOnHit: 500
  damageOnBlock: 2
  staminaCost: 20
  staminaDamageOnHit: 10
  staminaDamageOnBlock: 5
  kick: 1
  launcher: 0
  breaksArmor: 0
  armorPoints: 0
  armorWindowStart: 10
  armorWindowEnd: 20
  cancelWindowStart: 5
  cancelWindowEnd: 20
  owner: {fileID: 0}
--- !u!114 &114831392426799570
MonoBehaviour:
  m_ObjectHideFlags: 1
  m_PrefabParentObject: {fileID: 0}
  m_PrefabInternal: {fileID: 100100000}
  m_GameObject: {fileID: 1863558028152794}
  m_Enabled: 1
  m_EditorHideFlags: 0
  m_Script: {fileID: 11500000, guid: ea3deea513fcb14428e4f63af64177eb, type: 3}
  m_Name: 
  m_EditorClassIdentifier: 
  moveName: 
  collisionMask:
    serializedVersion: 2
    m_Bits: 1
  shellRadius: 0.1
  controller: {fileID: 0}
  status: {fileID: 0}
  moveset: {fileID: 0}
  move: {fileID: 0}
  hitboxes: []
  conditions: {fileID: 0}
--- !u!114 &114831459295222708
MonoBehaviour:
  m_ObjectHideFlags: 1
  m_PrefabParentObject: {fileID: 0}
  m_PrefabInternal: {fileID: 100100000}
  m_GameObject: {fileID: 1278943260659580}
  m_Enabled: 1
  m_EditorHideFlags: 0
  m_Script: {fileID: 0}
  m_Name: 
  m_EditorClassIdentifier: 
--- !u!114 &114888126972473490
MonoBehaviour:
  m_ObjectHideFlags: 1
  m_PrefabParentObject: {fileID: 0}
  m_PrefabInternal: {fileID: 100100000}
  m_GameObject: {fileID: 1546452936741544}
  m_Enabled: 1
  m_EditorHideFlags: 0
  m_Script: {fileID: 11500000, guid: bcf9d8fbbc8ede34e97c74ebc07a5e45, type: 3}
  m_Name: 
  m_EditorClassIdentifier: 
  objectList: []
  myTarget: {fileID: 0}
  index: 0
--- !u!114 &114892057864536548
MonoBehaviour:
  m_ObjectHideFlags: 1
  m_PrefabParentObject: {fileID: 0}
  m_PrefabInternal: {fileID: 100100000}
  m_GameObject: {fileID: 1490198981986366}
  m_Enabled: 1
  m_EditorHideFlags: 0
  m_Script: {fileID: 11500000, guid: 7ae9b0420bb06484fb76ad21749a0922, type: 3}
  m_Name: 
  m_EditorClassIdentifier: 
--- !u!114 &114911076141077210
MonoBehaviour:
  m_ObjectHideFlags: 1
  m_PrefabParentObject: {fileID: 0}
  m_PrefabInternal: {fileID: 100100000}
  m_GameObject: {fileID: 1352962850181488}
  m_Enabled: 0
  m_EditorHideFlags: 0
  m_Script: {fileID: 11500000, guid: 4fb8a831699c2c14ea1fa6279cb452e9, type: 3}
  m_Name: 
  m_EditorClassIdentifier: 
  moveName: atk1-1
  animatorParameterName: 
  isProjectile: 0
  midFrames: 3
  recovery: 20
  hitstun: 200
  blockstun: 10
  pushbackHit: 0.1
  pushbackBlock: 2
  juggleHorizontalVelocity: 0
  juggleVertivalVelocity: 2
  launchHorizontalVelocity: 0
  launchVertivalVelocity: 7
  startupVelocity: 0
  activeVelocity: 0
  recoveryVelocity: 0
  faction: 0
  projectiles: []
  hitboxes:
  - startup: 5
    active: 5
    hitboxLength: 2
    hitboxHeight: 2
    hitboxOrigin: {fileID: 4799133306496604}
    hitboxOffsetX: 0
    hitboxOffsetY: 0
    hitboxSizeX: 0
    hitboxSizeY: 0
  hitstunType: 1
  blockstunType: 1
  damageOnHit: 500
  damageOnBlock: 2
  staminaCost: 20
  staminaDamageOnHit: 10
  staminaDamageOnBlock: 5
  kick: 0
  launcher: 0
  breaksArmor: 0
  armorPoints: 0
  armorWindowStart: 10
  armorWindowEnd: 20
  cancelWindowStart: 0
  cancelWindowEnd: 20
  owner: {fileID: 0}
--- !u!114 &114911517981829314
MonoBehaviour:
  m_ObjectHideFlags: 1
  m_PrefabParentObject: {fileID: 0}
  m_PrefabInternal: {fileID: 100100000}
  m_GameObject: {fileID: 1214877836573344}
  m_Enabled: 1
  m_EditorHideFlags: 0
  m_Script: {fileID: 0}
  m_Name: 
  m_EditorClassIdentifier: 
--- !u!114 &114923301853017840
MonoBehaviour:
  m_ObjectHideFlags: 1
  m_PrefabParentObject: {fileID: 0}
  m_PrefabInternal: {fileID: 100100000}
  m_GameObject: {fileID: 1406418836257264}
  m_Enabled: 1
  m_EditorHideFlags: 0
  m_Script: {fileID: 11500000, guid: a809eff9c6aa417408dae5f96b0350fd, type: 3}
  m_Name: 
  m_EditorClassIdentifier: 
  moveName: 
  collisionMask:
    serializedVersion: 2
    m_Bits: 1
  shellRadius: 0.1
  controller: {fileID: 0}
  status: {fileID: 0}
  moveset: {fileID: 0}
  move: {fileID: 0}
  hitboxes: []
  conditions: {fileID: 0}
  dashDuration: 20
  dashVelocity: 12
  staminaCost: 0
--- !u!114 &114990793480286772
MonoBehaviour:
  m_ObjectHideFlags: 1
  m_PrefabParentObject: {fileID: 0}
  m_PrefabInternal: {fileID: 100100000}
  m_GameObject: {fileID: 1855356929862588}
  m_Enabled: 0
  m_EditorHideFlags: 0
  m_Script: {fileID: 11500000, guid: 4fb8a831699c2c14ea1fa6279cb452e9, type: 3}
  m_Name: 
  m_EditorClassIdentifier: 
  moveName: jumpatk
  animatorParameterName: 
  isProjectile: 0
  midFrames: 3
  recovery: 20
  hitstun: 200
  blockstun: 10
  pushbackHit: 0.1
  pushbackBlock: 2
  juggleHorizontalVelocity: 0
  juggleVertivalVelocity: 2
  launchHorizontalVelocity: 0
  launchVertivalVelocity: 7
  startupVelocity: 0
  activeVelocity: 0
  recoveryVelocity: 0
  faction: 0
  projectiles: []
  hitboxes:
  - startup: 5
    active: 5
    hitboxLength: 2
    hitboxHeight: 2
    hitboxOrigin: {fileID: 4546029799391622}
    hitboxOffsetX: 0
    hitboxOffsetY: 0
    hitboxSizeX: 3
    hitboxSizeY: 2
  hitstunType: 1
  blockstunType: 1
  damageOnHit: 500
  damageOnBlock: 2
  staminaCost: 20
  staminaDamageOnHit: 10
  staminaDamageOnBlock: 5
  kick: 0
  launcher: 0
  breaksArmor: 0
  armorPoints: 0
  armorWindowStart: 10
  armorWindowEnd: 20
  cancelWindowStart: 20
  cancelWindowEnd: 20
  owner: {fileID: 0}
--- !u!212 &212004399089269524
SpriteRenderer:
  m_ObjectHideFlags: 1
  m_PrefabParentObject: {fileID: 0}
  m_PrefabInternal: {fileID: 100100000}
  m_GameObject: {fileID: 1490198981986366}
  m_Enabled: 1
  m_CastShadows: 0
  m_ReceiveShadows: 0
  m_MotionVectors: 1
  m_LightProbeUsage: 1
  m_ReflectionProbeUsage: 1
  m_Materials:
  - {fileID: 2100000, guid: 8ce26ead211b90443b879885efecd353, type: 2}
  m_StaticBatchInfo:
    firstSubMesh: 0
    subMeshCount: 0
  m_StaticBatchRoot: {fileID: 0}
  m_ProbeAnchor: {fileID: 0}
  m_LightProbeVolumeOverride: {fileID: 0}
  m_ScaleInLightmap: 1
  m_PreserveUVs: 0
  m_IgnoreNormalsForChartDetection: 0
  m_ImportantGI: 0
  m_SelectedEditorRenderState: 0
  m_MinimumChartSize: 4
  m_AutoUVMaxDistance: 0.5
  m_AutoUVMaxAngle: 89
  m_LightmapParameters: {fileID: 0}
  m_SortingLayerID: 0
  m_SortingLayer: 0
  m_SortingOrder: 0
  m_Sprite: {fileID: 10915, guid: 0000000000000000f000000000000000, type: 0}
  m_Color: {r: 1, g: 0, b: 0, a: 1}
  m_FlipX: 0
  m_FlipY: 0
  m_DrawMode: 0
  m_Size: {x: 0.2, y: 0.2}
  m_AdaptiveModeThreshold: 0.5
  m_SpriteTileMode: 0
  m_WasSpriteAssigned: 1
  m_MaskInteraction: 0
--- !u!212 &212117040194940274
SpriteRenderer:
  m_ObjectHideFlags: 1
  m_PrefabParentObject: {fileID: 0}
  m_PrefabInternal: {fileID: 100100000}
  m_GameObject: {fileID: 1585609489640014}
  m_Enabled: 1
  m_CastShadows: 0
  m_ReceiveShadows: 0
  m_MotionVectors: 1
  m_LightProbeUsage: 0
  m_ReflectionProbeUsage: 0
  m_Materials:
  - {fileID: 10754, guid: 0000000000000000f000000000000000, type: 0}
  m_StaticBatchInfo:
    firstSubMesh: 0
    subMeshCount: 0
  m_StaticBatchRoot: {fileID: 0}
  m_ProbeAnchor: {fileID: 0}
  m_LightProbeVolumeOverride: {fileID: 0}
  m_ScaleInLightmap: 1
  m_PreserveUVs: 0
  m_IgnoreNormalsForChartDetection: 0
  m_ImportantGI: 0
  m_SelectedEditorRenderState: 0
  m_MinimumChartSize: 4
  m_AutoUVMaxDistance: 0.5
  m_AutoUVMaxAngle: 89
  m_LightmapParameters: {fileID: 0}
  m_SortingLayerID: 0
  m_SortingLayer: 0
  m_SortingOrder: 51
  m_Sprite: {fileID: 21300004, guid: 89ef51cdf7061b8458e8f860b3ef32fd, type: 3}
  m_Color: {r: 1, g: 1, b: 1, a: 1}
  m_FlipX: 0
  m_FlipY: 0
  m_DrawMode: 0
  m_Size: {x: 1, y: 1}
  m_AdaptiveModeThreshold: 0.5
  m_SpriteTileMode: 0
  m_WasSpriteAssigned: 1
  m_MaskInteraction: 0
--- !u!212 &212132935952984704
SpriteRenderer:
  m_ObjectHideFlags: 1
  m_PrefabParentObject: {fileID: 0}
  m_PrefabInternal: {fileID: 100100000}
  m_GameObject: {fileID: 1546452936741544}
  m_Enabled: 1
  m_CastShadows: 0
  m_ReceiveShadows: 0
  m_MotionVectors: 1
  m_LightProbeUsage: 1
  m_ReflectionProbeUsage: 1
  m_Materials:
  - {fileID: 10754, guid: 0000000000000000f000000000000000, type: 0}
  m_StaticBatchInfo:
    firstSubMesh: 0
    subMeshCount: 0
  m_StaticBatchRoot: {fileID: 0}
  m_ProbeAnchor: {fileID: 0}
  m_LightProbeVolumeOverride: {fileID: 0}
  m_ScaleInLightmap: 1
  m_PreserveUVs: 0
  m_IgnoreNormalsForChartDetection: 0
  m_ImportantGI: 0
  m_SelectedEditorRenderState: 0
  m_MinimumChartSize: 4
  m_AutoUVMaxDistance: 0.5
  m_AutoUVMaxAngle: 89
  m_LightmapParameters: {fileID: 0}
  m_SortingLayerID: 0
  m_SortingLayer: 0
  m_SortingOrder: 0
  m_Sprite: {fileID: 10907, guid: 0000000000000000f000000000000000, type: 0}
  m_Color: {r: 1, g: 1, b: 1, a: 1}
  m_FlipX: 0
  m_FlipY: 0
  m_DrawMode: 0
  m_Size: {x: 0.16, y: 0.16}
  m_AdaptiveModeThreshold: 0.5
  m_SpriteTileMode: 0
  m_WasSpriteAssigned: 1
  m_MaskInteraction: 0
--- !u!212 &212261623441853126
SpriteRenderer:
  m_ObjectHideFlags: 1
  m_PrefabParentObject: {fileID: 0}
  m_PrefabInternal: {fileID: 100100000}
  m_GameObject: {fileID: 1897280604458828}
  m_Enabled: 1
  m_CastShadows: 0
  m_ReceiveShadows: 0
  m_MotionVectors: 1
  m_LightProbeUsage: 0
  m_ReflectionProbeUsage: 0
  m_Materials:
  - {fileID: 10754, guid: 0000000000000000f000000000000000, type: 0}
  m_StaticBatchInfo:
    firstSubMesh: 0
    subMeshCount: 0
  m_StaticBatchRoot: {fileID: 0}
  m_ProbeAnchor: {fileID: 0}
  m_LightProbeVolumeOverride: {fileID: 0}
  m_ScaleInLightmap: 1
  m_PreserveUVs: 0
  m_IgnoreNormalsForChartDetection: 0
  m_ImportantGI: 0
  m_SelectedEditorRenderState: 0
  m_MinimumChartSize: 4
  m_AutoUVMaxDistance: 0.5
  m_AutoUVMaxAngle: 89
  m_LightmapParameters: {fileID: 0}
  m_SortingLayerID: 0
  m_SortingLayer: 0
  m_SortingOrder: 31
  m_Sprite: {fileID: 21300002, guid: 89ef51cdf7061b8458e8f860b3ef32fd, type: 3}
  m_Color: {r: 1, g: 1, b: 1, a: 1}
  m_FlipX: 0
  m_FlipY: 0
  m_DrawMode: 0
  m_Size: {x: 1, y: 1}
  m_AdaptiveModeThreshold: 0.5
  m_SpriteTileMode: 0
  m_WasSpriteAssigned: 1
  m_MaskInteraction: 0
--- !u!212 &212307249121355588
SpriteRenderer:
  m_ObjectHideFlags: 1
  m_PrefabParentObject: {fileID: 0}
  m_PrefabInternal: {fileID: 100100000}
  m_GameObject: {fileID: 1656294029527928}
  m_Enabled: 1
  m_CastShadows: 0
  m_ReceiveShadows: 0
  m_MotionVectors: 1
  m_LightProbeUsage: 0
  m_ReflectionProbeUsage: 0
  m_Materials:
  - {fileID: 10754, guid: 0000000000000000f000000000000000, type: 0}
  m_StaticBatchInfo:
    firstSubMesh: 0
    subMeshCount: 0
  m_StaticBatchRoot: {fileID: 0}
  m_ProbeAnchor: {fileID: 0}
  m_LightProbeVolumeOverride: {fileID: 0}
  m_ScaleInLightmap: 1
  m_PreserveUVs: 0
  m_IgnoreNormalsForChartDetection: 0
  m_ImportantGI: 0
  m_SelectedEditorRenderState: 0
  m_MinimumChartSize: 4
  m_AutoUVMaxDistance: 0.5
  m_AutoUVMaxAngle: 89
  m_LightmapParameters: {fileID: 0}
  m_SortingLayerID: 0
  m_SortingLayer: 0
  m_SortingOrder: 30
  m_Sprite: {fileID: 21300012, guid: 89ef51cdf7061b8458e8f860b3ef32fd, type: 3}
  m_Color: {r: 1, g: 1, b: 1, a: 1}
  m_FlipX: 0
  m_FlipY: 0
  m_DrawMode: 0
  m_Size: {x: 1, y: 1}
  m_AdaptiveModeThreshold: 0.5
  m_SpriteTileMode: 0
  m_WasSpriteAssigned: 1
  m_MaskInteraction: 0
--- !u!212 &212358461957780100
SpriteRenderer:
  m_ObjectHideFlags: 1
  m_PrefabParentObject: {fileID: 0}
  m_PrefabInternal: {fileID: 100100000}
  m_GameObject: {fileID: 1187450095627532}
  m_Enabled: 1
  m_CastShadows: 0
  m_ReceiveShadows: 0
  m_MotionVectors: 1
  m_LightProbeUsage: 0
  m_ReflectionProbeUsage: 0
  m_Materials:
  - {fileID: 10754, guid: 0000000000000000f000000000000000, type: 0}
  m_StaticBatchInfo:
    firstSubMesh: 0
    subMeshCount: 0
  m_StaticBatchRoot: {fileID: 0}
  m_ProbeAnchor: {fileID: 0}
  m_LightProbeVolumeOverride: {fileID: 0}
  m_ScaleInLightmap: 1
  m_PreserveUVs: 0
  m_IgnoreNormalsForChartDetection: 0
  m_ImportantGI: 0
  m_SelectedEditorRenderState: 0
  m_MinimumChartSize: 4
  m_AutoUVMaxDistance: 0.5
  m_AutoUVMaxAngle: 89
  m_LightmapParameters: {fileID: 0}
  m_SortingLayerID: 0
  m_SortingLayer: 0
  m_SortingOrder: 50
  m_Sprite: {fileID: 21300006, guid: 89ef51cdf7061b8458e8f860b3ef32fd, type: 3}
  m_Color: {r: 1, g: 1, b: 1, a: 1}
  m_FlipX: 0
  m_FlipY: 0
  m_DrawMode: 0
  m_Size: {x: 1, y: 1}
  m_AdaptiveModeThreshold: 0.5
  m_SpriteTileMode: 0
  m_WasSpriteAssigned: 1
  m_MaskInteraction: 0
--- !u!212 &212405348280473054
SpriteRenderer:
  m_ObjectHideFlags: 1
  m_PrefabParentObject: {fileID: 0}
  m_PrefabInternal: {fileID: 100100000}
  m_GameObject: {fileID: 1622412909048248}
  m_Enabled: 1
  m_CastShadows: 0
  m_ReceiveShadows: 0
  m_MotionVectors: 1
  m_LightProbeUsage: 0
  m_ReflectionProbeUsage: 0
  m_Materials:
  - {fileID: 10754, guid: 0000000000000000f000000000000000, type: 0}
  m_StaticBatchInfo:
    firstSubMesh: 0
    subMeshCount: 0
  m_StaticBatchRoot: {fileID: 0}
  m_ProbeAnchor: {fileID: 0}
  m_LightProbeVolumeOverride: {fileID: 0}
  m_ScaleInLightmap: 1
  m_PreserveUVs: 0
  m_IgnoreNormalsForChartDetection: 0
  m_ImportantGI: 0
  m_SelectedEditorRenderState: 0
  m_MinimumChartSize: 4
  m_AutoUVMaxDistance: 0.5
  m_AutoUVMaxAngle: 89
  m_LightmapParameters: {fileID: 0}
  m_SortingLayerID: 0
  m_SortingLayer: 0
  m_SortingOrder: 40
  m_Sprite: {fileID: 21300014, guid: 89ef51cdf7061b8458e8f860b3ef32fd, type: 3}
  m_Color: {r: 1, g: 1, b: 1, a: 1}
  m_FlipX: 0
  m_FlipY: 0
  m_DrawMode: 0
  m_Size: {x: 1, y: 1}
  m_AdaptiveModeThreshold: 0.5
  m_SpriteTileMode: 0
  m_WasSpriteAssigned: 1
  m_MaskInteraction: 0
--- !u!212 &212615463064484060
SpriteRenderer:
  m_ObjectHideFlags: 1
  m_PrefabParentObject: {fileID: 0}
  m_PrefabInternal: {fileID: 100100000}
  m_GameObject: {fileID: 1106439955636864}
  m_Enabled: 1
  m_CastShadows: 0
  m_ReceiveShadows: 0
  m_MotionVectors: 1
  m_LightProbeUsage: 0
  m_ReflectionProbeUsage: 0
  m_Materials:
  - {fileID: 10754, guid: 0000000000000000f000000000000000, type: 0}
  m_StaticBatchInfo:
    firstSubMesh: 0
    subMeshCount: 0
  m_StaticBatchRoot: {fileID: 0}
  m_ProbeAnchor: {fileID: 0}
  m_LightProbeVolumeOverride: {fileID: 0}
  m_ScaleInLightmap: 1
  m_PreserveUVs: 0
  m_IgnoreNormalsForChartDetection: 0
  m_ImportantGI: 0
  m_SelectedEditorRenderState: 0
  m_MinimumChartSize: 4
  m_AutoUVMaxDistance: 0.5
  m_AutoUVMaxAngle: 89
  m_LightmapParameters: {fileID: 0}
  m_SortingLayerID: 0
  m_SortingLayer: 0
  m_SortingOrder: 20
  m_Sprite: {fileID: 21300016, guid: 89ef51cdf7061b8458e8f860b3ef32fd, type: 3}
  m_Color: {r: 1, g: 1, b: 1, a: 1}
  m_FlipX: 0
  m_FlipY: 0
  m_DrawMode: 0
  m_Size: {x: 1, y: 1}
  m_AdaptiveModeThreshold: 0.5
  m_SpriteTileMode: 0
  m_WasSpriteAssigned: 1
  m_MaskInteraction: 0
--- !u!212 &212764765053159760
SpriteRenderer:
  m_ObjectHideFlags: 1
  m_PrefabParentObject: {fileID: 0}
  m_PrefabInternal: {fileID: 100100000}
  m_GameObject: {fileID: 1655380402234580}
  m_Enabled: 1
  m_CastShadows: 0
  m_ReceiveShadows: 0
  m_MotionVectors: 1
  m_LightProbeUsage: 0
  m_ReflectionProbeUsage: 0
  m_Materials:
  - {fileID: 10754, guid: 0000000000000000f000000000000000, type: 0}
  m_StaticBatchInfo:
    firstSubMesh: 0
    subMeshCount: 0
  m_StaticBatchRoot: {fileID: 0}
  m_ProbeAnchor: {fileID: 0}
  m_LightProbeVolumeOverride: {fileID: 0}
  m_ScaleInLightmap: 1
  m_PreserveUVs: 0
  m_IgnoreNormalsForChartDetection: 0
  m_ImportantGI: 0
  m_SelectedEditorRenderState: 0
  m_MinimumChartSize: 4
  m_AutoUVMaxDistance: 0.5
  m_AutoUVMaxAngle: 89
  m_LightmapParameters: {fileID: 0}
  m_SortingLayerID: 0
  m_SortingLayer: 0
  m_SortingOrder: 41
  m_Sprite: {fileID: 21300018, guid: 89ef51cdf7061b8458e8f860b3ef32fd, type: 3}
  m_Color: {r: 1, g: 1, b: 1, a: 1}
  m_FlipX: 0
  m_FlipY: 0
  m_DrawMode: 0
  m_Size: {x: 1, y: 1}
  m_AdaptiveModeThreshold: 0.5
  m_SpriteTileMode: 0
  m_WasSpriteAssigned: 1
  m_MaskInteraction: 0
--- !u!212 &212799633528896202
SpriteRenderer:
  m_ObjectHideFlags: 1
  m_PrefabParentObject: {fileID: 0}
  m_PrefabInternal: {fileID: 100100000}
  m_GameObject: {fileID: 1749961595405010}
  m_Enabled: 1
  m_CastShadows: 0
  m_ReceiveShadows: 0
  m_MotionVectors: 1
  m_LightProbeUsage: 0
  m_ReflectionProbeUsage: 0
  m_Materials:
  - {fileID: 10754, guid: 0000000000000000f000000000000000, type: 0}
  m_StaticBatchInfo:
    firstSubMesh: 0
    subMeshCount: 0
  m_StaticBatchRoot: {fileID: 0}
  m_ProbeAnchor: {fileID: 0}
  m_LightProbeVolumeOverride: {fileID: 0}
  m_ScaleInLightmap: 1
  m_PreserveUVs: 0
  m_IgnoreNormalsForChartDetection: 0
  m_ImportantGI: 0
  m_SelectedEditorRenderState: 0
  m_MinimumChartSize: 4
  m_AutoUVMaxDistance: 0.5
  m_AutoUVMaxAngle: 89
  m_LightmapParameters: {fileID: 0}
  m_SortingLayerID: 0
  m_SortingLayer: 0
  m_SortingOrder: 11
  m_Sprite: {fileID: 21300000, guid: 89ef51cdf7061b8458e8f860b3ef32fd, type: 3}
  m_Color: {r: 1, g: 1, b: 1, a: 1}
  m_FlipX: 0
  m_FlipY: 0
  m_DrawMode: 0
  m_Size: {x: 1, y: 1}
  m_AdaptiveModeThreshold: 0.5
  m_SpriteTileMode: 0
  m_WasSpriteAssigned: 1
  m_MaskInteraction: 0
--- !u!212 &212816465287537432
SpriteRenderer:
  m_ObjectHideFlags: 1
  m_PrefabParentObject: {fileID: 0}
  m_PrefabInternal: {fileID: 100100000}
  m_GameObject: {fileID: 1069958360168982}
  m_Enabled: 1
  m_CastShadows: 0
  m_ReceiveShadows: 0
  m_MotionVectors: 1
  m_LightProbeUsage: 0
  m_ReflectionProbeUsage: 0
  m_Materials:
  - {fileID: 10754, guid: 0000000000000000f000000000000000, type: 0}
  m_StaticBatchInfo:
    firstSubMesh: 0
    subMeshCount: 0
  m_StaticBatchRoot: {fileID: 0}
  m_ProbeAnchor: {fileID: 0}
  m_LightProbeVolumeOverride: {fileID: 0}
  m_ScaleInLightmap: 1
  m_PreserveUVs: 0
  m_IgnoreNormalsForChartDetection: 0
  m_ImportantGI: 0
  m_SelectedEditorRenderState: 0
  m_MinimumChartSize: 4
  m_AutoUVMaxDistance: 0.5
  m_AutoUVMaxAngle: 89
  m_LightmapParameters: {fileID: 0}
  m_SortingLayerID: 0
  m_SortingLayer: 0
  m_SortingOrder: 11
  m_Sprite: {fileID: 21300010, guid: 89ef51cdf7061b8458e8f860b3ef32fd, type: 3}
  m_Color: {r: 1, g: 1, b: 1, a: 1}
  m_FlipX: 0
  m_FlipY: 0
  m_DrawMode: 0
  m_Size: {x: 1, y: 1}
  m_AdaptiveModeThreshold: 0.5
  m_SpriteTileMode: 0
  m_WasSpriteAssigned: 1
  m_MaskInteraction: 0
--- !u!212 &212906735171996816
SpriteRenderer:
  m_ObjectHideFlags: 1
  m_PrefabParentObject: {fileID: 0}
  m_PrefabInternal: {fileID: 100100000}
  m_GameObject: {fileID: 1872025458221642}
  m_Enabled: 1
  m_CastShadows: 0
  m_ReceiveShadows: 0
  m_MotionVectors: 1
  m_LightProbeUsage: 0
  m_ReflectionProbeUsage: 0
  m_Materials:
  - {fileID: 10754, guid: 0000000000000000f000000000000000, type: 0}
  m_StaticBatchInfo:
    firstSubMesh: 0
    subMeshCount: 0
  m_StaticBatchRoot: {fileID: 0}
  m_ProbeAnchor: {fileID: 0}
  m_LightProbeVolumeOverride: {fileID: 0}
  m_ScaleInLightmap: 1
  m_PreserveUVs: 0
  m_IgnoreNormalsForChartDetection: 0
  m_ImportantGI: 0
  m_SelectedEditorRenderState: 0
  m_MinimumChartSize: 4
  m_AutoUVMaxDistance: 0.5
  m_AutoUVMaxAngle: 89
  m_LightmapParameters: {fileID: 0}
  m_SortingLayerID: 0
  m_SortingLayer: 0
  m_SortingOrder: 21
  m_Sprite: {fileID: 21300020, guid: 89ef51cdf7061b8458e8f860b3ef32fd, type: 3}
  m_Color: {r: 1, g: 1, b: 1, a: 1}
  m_FlipX: 0
  m_FlipY: 0
  m_DrawMode: 0
  m_Size: {x: 1, y: 1}
  m_AdaptiveModeThreshold: 0.5
  m_SpriteTileMode: 0
  m_WasSpriteAssigned: 1
  m_MaskInteraction: 0
--- !u!212 &212946462176936096
SpriteRenderer:
  m_ObjectHideFlags: 1
  m_PrefabParentObject: {fileID: 0}
  m_PrefabInternal: {fileID: 100100000}
  m_GameObject: {fileID: 1852188322178268}
  m_Enabled: 1
  m_CastShadows: 0
  m_ReceiveShadows: 0
  m_MotionVectors: 1
  m_LightProbeUsage: 0
  m_ReflectionProbeUsage: 0
  m_Materials:
  - {fileID: 10754, guid: 0000000000000000f000000000000000, type: 0}
  m_StaticBatchInfo:
    firstSubMesh: 0
    subMeshCount: 0
  m_StaticBatchRoot: {fileID: 0}
  m_ProbeAnchor: {fileID: 0}
  m_LightProbeVolumeOverride: {fileID: 0}
  m_ScaleInLightmap: 1
  m_PreserveUVs: 0
  m_IgnoreNormalsForChartDetection: 0
  m_ImportantGI: 0
  m_SelectedEditorRenderState: 0
  m_MinimumChartSize: 4
  m_AutoUVMaxDistance: 0.5
  m_AutoUVMaxAngle: 89
  m_LightmapParameters: {fileID: 0}
  m_SortingLayerID: 0
  m_SortingLayer: 0
  m_SortingOrder: 10
  m_Sprite: {fileID: 21300008, guid: 89ef51cdf7061b8458e8f860b3ef32fd, type: 3}
  m_Color: {r: 1, g: 1, b: 1, a: 1}
  m_FlipX: 0
  m_FlipY: 0
  m_DrawMode: 0
  m_Size: {x: 1, y: 1}
  m_AdaptiveModeThreshold: 0.5
  m_SpriteTileMode: 0
  m_WasSpriteAssigned: 1
  m_MaskInteraction: 0
